2598 3906
162 193 203 256 12
450 193 486 249 II.
504 191 787 248 THEMISTOCLES.
815 197 840 248 7.
857 200 881 248 8.

124 338 225 402 uiam
252 336 303 401 bis
332 337 441 420 copias
469 337 576 422 regias
604 335 719 401 fecisse
749 335 965 423 naufragium.
1010 335 1168 404 Lacedae
1287 335 1288 362 ³

151 424 286 490 meaios
315 428 424 489 autem
447 425 531 488 male
559 428 592 488 et
619 424 739 489 iniuste
766 423 886 509 facere,
902 425 970 514 uqui
996 425 1030 489 id
1056 428 1169 509 potius

159 514 376 596 intuerentur,
409 512 494 596 quod
526 512 672 596 ipsorum
704 512 919 577 dominationi
951 533 1049 596 quam
1081 515 1168 598 quod

159 601 327 666 universae
347 597 501 664 Graeciae
524 599 605 664 utile
628 604 722 664 esset.
758 621 867 685 quare,
890 601 919 664 si
942 621 1018 665 suos
1040 601 1170 687 legatos

120 705 123 708 ·
160 689 302 773 recipere
324 688 459 771 vellent,
487 709 568 771 quos
592 687 739 752 Athenas
763 689 933 772 miserant,
961 709 996 752 se
1024 689 1169 754 remitte·

159 781 242 859 rent,
264 795 333 841 oum
355 776 451 839 aliter
473 775 548 840 illos
571 796 748 859 numquam
770 776 805 840 in
828 776 970 860 patriam
989 781 1099 842 essent
1120 799 1170 842 re·

160 885 195 928 cc
220 864 295 927 turi.

119 952 139 1016 8
196 885 218 946 p
247 951 369 1016 Tamen
386 973 452 1017 non
471 952 585 1037 effugit
600 951 718 1016 civium
733 973 866 1016 suorum
884 953 1047 1018 invidiam.
1078 974 1170 1018 nam-

159 1060 221 1122 quo
240 1039 281 1103 ob
300 1040 436 1105 eundem
455 1041 615 1124 timorem,
634 1034 698 1122 duo
717 1039 889 1104 damnatus
909 1044 979 1104 erat
993 1039 1171 1125 Miltiades,

158 1126 353 1192 testularum
386 1127 548 1214 suffragiis
579 1149 596 1192 e
624 1127 756 1192 civitate
786 1129 908 1193 eiectus
935 1128 1044 1214 Argos
1076 1129 1167 1192 habi·

123 1217 266 1278 atatum
299 1217 467 1282 concessit.
517 1217 571 1282 hic
603 1237 677 1280 cum
708 1220 843 1301 propter
875 1216 995 1281 multas
1028 1217 1168 1281 virtutes

158 1323 278 1390 magna
305 1326 379 1369 cum
406 1305 566 1390 dignitate
593 1304 750 1388 viveret„
762 1303 1009 1370 Lacedaemonii
1039 1305 1167 1389 legatos
1287 1339 1288 1392 4

158 1389 306 1456 Athenas
325 1393 492 1477 miserunt,
512 1394 568 1477 qui
587 1413 660 1456 eum
679 1393 848 1456 absentem
863 1395 1060 1476 accusarent,
1080 1393 1167 1475 quod

159 1479 351 1544 societatem
370 1502 443 1544 cum
461 1497 538 1565 rege
556 1479 654 1543 Perse
673 1480 714 1543 ad
733 1477 903 1543 Graeciam
922 1479 1167 1563 opprimendam

123 1581 139 1629 3
158 1564 299 1630 fecisset
330 1567 393 1631 hoo
408 1568 541 1632 crimine
555 1568 670 1630 absens
690 1567 862 1631 damnatus
881 1571 940 1632 est.
971 1567 1006 1632 id
1023 1571 1062 1632 ut
1080 1568 1167 1632 audi·

157 1653 215 1735 vit,
238 1653 325 1736 quod
346 1675 413 1718 non
432 1655 512 1718 satis
531 1657 640 1718 tutum
659 1673 693 1718 se
707 1653 807 1739 Argis
826 1655 967 1739 ridebat,
989 1653 1168 1738 Corcyram

158 1739 362 1825 demigravit.
398 1741 446 1806 ibi
466 1763 539 1806 cum
557 1742 626 1806 eius
645 1742 808 1826 principes
830 1743 951 1808 insulae
969 1743 1169 1807 animadver-

157 1827 255 1892 tisset
277 1829 406 1914 timere,
432 1851 473 1894 ne
495 1834 630 1914 propter
652 1851 688 1894 se
710 1829 832 1894 bellum
855 1831 895 1895 iis
918 1829 1166 1896 Lacedaemonii

158 1919 192 1978 ct
220 1915 435 1982 Athenienses
467 1919 659 2003 indicerent,
693 1918 734 1983 ad
761 1917 954 2004 Admetum,
985 1917 1167 1984 Molossum

121 2019 139 2067 4
157 2023 276 2090 regem,
300 2027 374 2070 cum
392 2027 457 2090 quo
476 2007 506 2071 ei
523 2007 704 2090 hospitium
721 2027 785 2072 aon
803 2012 882 2092 erat,
906 2007 1061 2094 confugit.
1102 2007 1166 2070 huc

158 2113 232 2156 cum
250 2094 394 2158 venisset
412 2099 446 2159 et
464 2095 701 2179 inpraesentia
719 2117 776 2160 rex
794 2097 933 2179 abesset,
956 2117 1020 2178 quo
1044 2095 1166 2159 maiore
1287 2131 1288 2142 .

157 2181 314 2266 religione
342 2204 377 2246 se
400 2187 567 2266 receptum
591 2187 751 2266 tueretur,
773 2183 878 2246 filium
901 2184 970 2246 eius
993 2183 1166 2265 parvulum
1287 2241 1288 2270 ¹

157 2268 296 2350 arripuit
319 2272 353 2331 et
376 2289 450 2332 cum
472 2291 510 2332 eo
534 2291 569 2333 se
591 2271 627 2332 in
650 2270 836 2354 sacrarium,
859 2269 946 2352 quod
970 2290 1097 2333 summa
1116 2291 1166 2334 co·
1287 2281 1288 2310 l

156 2353 286 2418 lebatur
309 2355 514 2439 caerimonia,
537 2356 685 2420 coniecit.
718 2357 791 2420 inde
813 2378 881 2422 non
902 2357 992 2440 prius
1016 2379 1167 2443 egressus

157 2445 221 2523 est,
254 2463 352 2524 quam
379 2463 436 2508 rex
462 2464 537 2508 sum
564 2443 642 2507 data
668 2444 782 2508 dextra
808 2445 844 2508 in
874 2444 971 2509 fidem
999 2447 1169 2530 reciperet,

122 2543 138 2592 o
157 2549 256 2612 quam
278 2529 455 2612 praestitit.
489 2553 566 2596 nam
585 2553 659 2596 cum
682 2533 723 2596 ab
742 2531 999 2598 Atheniensibus
1018 2537 1052 2598 et
1069 2532 1167 2598 Lace-
1287 2585 1288 2590 η

156 2615 336 2682 daemoniis
364 2624 593 2702 exposceretur
619 2619 763 2705 publice,
795 2621 975 2705 supplicem
1001 2644 1067 2688 non
1094 2643 1167 2706 pro·

156 2703 240 2768 didit
262 2705 453 2790 monuitque
475 2712 514 2772 ut
536 2709 720 2772 consuleret
739 2709 816 2773 sibi:
839 2709 971 2775 difficile
991 2711 1166 2776 animasse

155 2791 191 2856 in
213 2795 283 2857 tam
304 2793 488 2878 propinquo
511 2796 585 2861 loco
602 2801 676 2861 tuto
695 2819 770 2862 eum
788 2799 919 2863 versari.
954 2799 1065 2882 itaque
1083 2796 1166 2879 Pyd·
1287 2815 1288 2840 r

155 2901 233 2944 nam
260 2902 335 2946 eum
362 2882 476 2947 deduci
503 2883 601 2948 iussit
628 2889 662 2949 et
690 2885 776 2968 quod
799 2886 880 2950 satis
903 2889 991 2949 esset
1011 2883 1187 2968 praesidii

121 2967 254 3032 adedit.
291 2969 345 3034 hic
363 2970 398 3035 in
415 2992 532 3035 navem
551 2972 702 3037 omnibus
724 2973 857 3058 ignotus
879 2973 989 3037 nautis
1013 2971 1165 3035 escendit.

156 3075 240 3138 quae
268 3078 341 3121 cum
368 3062 565 3142 tempestate
593 3061 735 3124 maxima
762 3059 892 3124 Naxum
923 3059 1076 3144 ferretur,
1107 3059 1165 3123 ubi
1287 3119 1288 3136 ,

155 3145 228 3206 tum
246 3142 497 3209 Atheniensium
515 3151 587 3210 erat
604 3148 775 3230 exercitus,
798 3148 900 3211 sensit
918 3145 1165 3230 Themistocles,
1282 3145 1288 3228 r}

156 3230 184 3294 si
208 3251 246 3295 eo
269 3233 484 3316 pervenisset,
512 3233 576 3297 sibi
599 3255 670 3298 esse
692 3235 898 3316 pereundum.
943 3234 1005 3298 hac
1028 3235 1165 3299 necessi·
1275 3243 1277 3254 '

155 3320 225 3380 tate
239 3322 372 3384 coaetus
388 3320 520 3384 domino
533 3321 728 3405 navis,·quis
745 3320 798 3404 sit,
818 3321 932 3405 aperit,
950 3323 1055 3386 multa
1072 3322 1166 3406 polli-

120 3417 242 3484 rcens,
265 3405 294 3465 si
317 3425 351 3468 se
374 3411 607 3472 conservasset.
644 3411 679 3471 at
701 3407 757 3470 ille
776 3408 949 3472 clarissimi
968 3411 1030 3475 viri
1049 3415 1164 3494 captus
1286 3377 1288 3424 i

156 3487 377 3552 misericordia
400 3493 486 3558 diem
508 3499 701 3578 noctemque
723 3497 837 3578 procul
857 3498 898 3562 ab
917 3498 1024 3563 insula
1041 3499 1076 3562 in
1094 3498 1163 3562 salo
