2598 3906
179 230 222 293 20
542 230 574 283 V.
597 227 718 284 emon.
747 235 824 282 a-l.

180 371 334 457 oppidum
361 370 586 456 Amphipolim
616 372 787 437 constituit
819 393 921 455 eoque
952 373 1063 437 decem
1094 373 1189 438 milia

179 459 428 526 Atheniensium
450 461 485 524 in
508 461 669 526 coloniam
692 460 791 526 misit.
836 459 922 524 idem
948 459 1068 526 iterum
1093 463 1188 545 impe

179 553 266 614 rator
292 548 377 632 apud
399 547 548 633 Mycalen
571 547 767 632 Cypriorum
790 551 823 612 et
845 547 1044 614 Phoenicum
1071 549 1181 614 ducens

145 641 288 703 starum
314 637 445 702 navium
472 637 609 702 classem
637 635 798 700 devictam
825 636 912 718 cepit
935 637 1111 720 eodemque
1134 637 1187 703 die

179 725 252 808 pari
274 723 406 789 fortuna
427 724 462 790 in
484 728 572 790 terre
593 745 672 788 usus
695 727 754 788 est
798 745 939 807 namque
963 724 1109 789 hostium
1130 747 1187 790 na

179 812 273 876 vibus
297 812 401 895 captis
425 812 538 876 statim
561 833 600 876 ex
623 811 725 876 classe
748 811 857 895 copias
882 833 957 877 suas
980 812 1091 878 eduxit
1112 813 1186 878 bar·

179 901 396 982 barorumque
428 899 602 963 maximam
625 899 693 963 vim
715 921 779 963 uno
808 920 966 965 concursu
997 902 1185 984 prostravit.

144 991 244 1070 4quu
270 986 408 1052 victoria
435 1009 554 1073 magna
579 987 699 1070 praeda
725 987 851 1070 potitus
880 1009 954 1052 cum
981 989 1112 1053 domum
1137 1012 1186 1054 re·

178 1078 372 1159 verteretur,
401 1075 576 1159 quodiam
597 1075 771 1139 nonnullae
794 1074 919 1140 insulae
941 1080 1076 1159 propter
1099 1099 1185 1141 acer-

56 1189 58 1196 *
178 1162 317 1228 bitatem
334 1163 462 1247 imperii
481 1162 672 1246 defecerant,
690 1163 772 1227 bene
791 1163 951 1227 animatas
971 1164 1184 1249 confirmavit,

144 1257 160 1307 5
179 1251 336 1316 alienatas
360 1251 400 1316 ad
424 1250 568 1316 officium
585 1250 689 1316 redire
709 1251 824 1337 co'e'git.
860 1249 1005 1338 Scyrum,
1029 1274 1126 1336 quam
1145 1275 1183 1317 eo

180 1343 325 1423 tempore
339 1338 482 1424 Dolopes
500 1340 696 1424 incolebant,
715 1339 801 1423 quod
819 1339 1041 1404 contumacius
1060 1361 1094 1405 se
1114 1361 1183 1426 ges-

180 1432 302 1512 serant,
325 1428 515 1511 vacuefecit,
537 1448 741 1510 possessores
764 1430 887 1490 veteres
910 1426 991 1491 urbe
1013 1428 1183 1512 insulaque

179 1515 282 1598 eiecit,
306 1537 402 1599 agros
426 1516 550 1580 civibus
574 1514 692 1578 divisit.
729 1513 866 1578 Thasios
890 1515 1057 1597 opulentia
1078 1515 1182 1582 fretos

179 1623 238 1665 suo
262 1603 401 1665 adventu
424 1601 531 1686 fregit.
568 1601 619 1665 his
643 1622 682 1666 ex
704 1601 865 1665 manubiis
890 1622 948 1666 arx
969 1601 1183 1688 Athenarum,

179 1710 243 1771 qua
265 1688 305 1753 ad
328 1689 495 1752 meridiem
518 1689 634 1773 vergit,
657 1692 707 1752 est
730 1692 853 1753 ornata.

142 1770 188 1834 3·
267 1775 391 1852 Quibus
419 1776 515 1842 rebus
544 1797 618 1840 cum
644 1798 728 1840 unus
751 1777 786 1840 in
809 1776 941 1842 civitate
964 1779 1103 1844 maxime
1126 1781 1182 1846 flo-

177 1868 277 1947 reret,
308 1864 422 1930 incidit
453 1864 488 1928 in
515 1864 648 1928 eandem
676 1864 831 1930 invidiam
855 1886 952 1948 quam
981 1869 1075 1949 pater
1104 1888 1181 1933 suus
1288 1863 1289 1878 ¹

178 1953 341 2036 ceterique
363 1951 613 2018 Atheniensium
635 1952 810 2038 principes:
837 1975 913 2018 nam
936 1958 1095 2020 testarum
1118 1956 1182 2020 suf-

177 2041 291 2127 fragiis
317 2041 417 2125 [quod
439 2041 489 2105 illi
512 2040 716 2121 dcrpurrtpdv
736 2045 867 2123 vocant]
892 2042 1002 2107 decem
1025 2065 1182 2108 annornm
1287 2085 1288 2130 ζ

143 2130 275 2194 resilio
299 2130 458 2194 multatus
483 2133 541 2194 est.
586 2130 677 2194 cuius
705 2129 785 2194 facti
808 2130 943 2194 celerius
966 2130 1182 2196 Athenienses

178 2239 275 2301 quam
298 2217 406 2298 ipsum
428 2217 598 2300 paenituit.
634 2239 710 2281 nam
729 2238 803 2280 cum
825 2217 880 2280 ille
904 2217 1011 2280 animo
1034 2217 1114 2282 forti
1135 2219 1182 2284 in·

177 2304 281 2368 vidiae
314 2303 517 2388 ingratorum
544 2303 664 2368 civium
690 2303 841 2368 cessisset
872 2303 1058 2386 bellumque
1085 2304 1182 2372 Lace-

178 2390 339 2454 daemonii
366 2389 621 2454 Atheniensibus
650 2389 856 2474 indixissent,
885 2390 1057 2456 confestim
1083 2398 1181 2458 notae

142 2477 245 2543 seius
268 2477 399 2542 virtutis
422 2476 617 2541 desiderium
639 2481 848 2542 consecutum
871 2481 929 2542 est.
970 2479 1081 2563 itaque
1104 2486 1182 2565 post

177 2587 296 2632 annum
319 2565 482 2649 quintum,
506 2585 604 2648 quam
627 2565 779 2648 expulsus
803 2569 887 2651 erat,
913 2565 949 2630 in
970 2567 1112 2650 patriam
1134 2591 1181 2633 re·

176 2657 310 2719 vocatus
343 2657 401 2718 est.
448 2652 522 2737 ille,
558 2653 645 2736 quod
675 2653 820 2738 hospitio
853 2653 1181 2724 Lacedaemoniorum

176 2743 339 2826 utebatur,
362 2741 466 2806 satius
484 2741 674 2808 existimans
694 2740 843 2809 &aeae
859 2745 995 2810 autam
1012 2746 1049 2812 dc
1065 2750 1181 2812 conho-

176 2831 282 2896 versirh
304 2832 370 2896 sure
391 2831 471 2895 inter
493 2850 525 2895 se
545 2830 614 2894 iure
635 2831 801 2912 disceptare
822 2851 916 2914 quam
934 2833 1033 2898 armis
1050 2837 1180 2898 conten·

177 2919 260 3003 dere,
282 2917 556 2984 Lacedaemonem
579 2938 638 2982 suu
661 2922 776 3001 sponte
800 2923 850 2983 est
872 2917 1037 3002 profectus
1055 2941 1180 3003 pacem-

33 3033 36 3040 *
141 3015 238 3086 lque
257 3006 343 3072 inter
362 3006 441 3071 duas
455 3005 700 3089 potentissimas
715 3005 865 3070 civitates
879 3005 1072 3072 conciliavit.
1095 3011 1180 3092 post,

175 3113 278 3174 neque
305 3094 354 3157 ita
381 3093 499 3178 multo,
529 3090 674 3178 Cyprum
696 3115 769 3160 curn
792 3093 939 3160 ducentis
961 3093 1099 3160 navibus
1122 3095 1180 3160 im-

174 3183 306 3263 perator
337 3181 470 3265 missus,
502 3203 576 3246 cum
608 3181 676 3246 eius
708 3181 864 3246 maiorem
896 3184 1023 3265 partem
1054 3182 1179 3248 insulae

175 3267 355 3353 devicisset,
372 3269 407 3332 in
426 3270 576 3334 morbum
593 3268 772 3353 implicitus
791 3269 826 3334 in
844 3270 1046 3353 oppupnando
1060 3271 1179 3356 oppido
1277 3291 1284 3311 ¹

175 3354 262 3422 Citio
286 3360 337 3419 est
359 3360 516 3420 mortuus.

139 3439 162 3504 4
262 3442 357 3508 Hunc
375 3441 592 3510 Athenienses
610 3466 677 3510 non
700 3446 806 3511 solum
828 3447 864 3511 in
885 3446 982 3532 bello,
1005 3446 1179 3512 sedetiam

175 3532 210 3596 in
227 3553 305 3617 pace
318 3531 373 3596 diu
387 3531 658 3598 desideraverunt.
690 3532 753 3598 fuit
767 3535 854 3600 enim
867 3538 961 3600 tanta
974 3535 1179 3618 liberalitate,
1277 3581 1284 3613 ,

377 3846 516 3902 ,Α
