2598 3906
546 211 579 266 K
599 212 697 268 111011,
726 220 749 268 1.
768 220 794 269 2.
1129 219 1173 282 37

568 394 610 466 Χ.
638 394 763 470 DION.

252 531 348 618 Dion,
370 531 544 616 Hipparini
564 532 661 617 filius,
680 530 911 621 Syracusanus,
933 537 1036 602 nobili
1055 557 1171 624 genere
1193 544 1209 607 l

163 624 278 704 natus,
318 625 456 704 utraque
493 619 680 704 implicatus
721 623 893 705 tyrannide
930 623 1171 710 Dionysiorum.

163 731 301 792 namque
329 709 385 773 ille
413 708 561 792 superior
583 708 847 796 Aristomachen,
878 733 1023 778 sororem
1046 713 1173 800 Dionis,
1255 753 1257 758 ·

162 798 279 864 habuit
297 797 331 862 11
350 796 569 882 matrimonio,
591 819 630 862 ex
649 819 713 882 qua
731 798 812 864 duos
835 798 931 885 filios,
953 800 1173 887 Hipparinum

163 891 197 952 et
219 885 387 971 Nisaeum,
409 885 592 970 procreavit
614 885 816 970 totidemque
839 887 939 973 filias,
960 891 1092 956 nomine
1117 889 1173 956 So

162 975 351 1059 phrosynen
373 977 407 1038 et
429 972 561 1059 Areten,
586 995 723 1058 quarum
745 975 888 1060 priorem
910 976 1070 1063 Dionysio
1093 979 1173 1064 filio,

164 1063 269 1128 eidem
297 1062 348 1128 cui
375 1081 512 1148 regnum
543 1062 690 1147 reliquit,
721 1067 860 1148 nuptum
893 1065 994 1152 dedit,
1027 1067 1174 1151 alteram,

164 1151 303 1234 Areten,
325 1148 433 1216 Dioni.
478 1150 566 1215 Dion
593 1155 703 1215 autem
730 1156 860 1236 praeter
887 1174 1079 1239 generosam
1101 1175 1209 1241 pro-a

162 1239 382 1325 pinquitatem
408 1238 615 1322 nobilemque
643 1239 802 1304 maiorum
830 1240 950 1307 lamam
978 1244 1082 1308 multa
1109 1243 1174 1308 alia

164 1329 206 1392 ab
229 1331 347 1392 natura
369 1326 486 1392 habuit
508 1327 603 1412 bona,
626 1327 661 1391 11
684 1327 730 1391 010
754 1327 922 1413 ingenium
940 1331 1053 1414 docile,
1074 1352 1174 1416 come,

164 1420 278 1502 aptum
297 1415 338 1480 ad
357 1419 444 1480 artes
465 1415 616 1500 optimas,
634 1435 788 1501 magnam
807 1418 951 1501 eorporis
970 1418 1174 1504 dignitatem,

164 1527 245 1590 quae
276 1525 343 1570 non
374 1504 546 1570 minimum
579 1504 802 1588 commendat,
838 1525 974 1590 magnae
1005 1511 1173 1591 praeterea

164 1594 293 1660 divitias
317 1597 448 1678 epatre
470 1593 612 1679 relictae,
635 1614 715 1676 quas
737 1593 808 1677 ipse
831 1594 962 1678 tyranni
985 1597 1173 1662 muneribus

164 1686 306 1748 auxerat.
352 1686 423 1746 erat
449 1681 584 1748 intimus
608 1679 768 1765 Dionysio
795 1681 912 1766 priori,
938 1705 1042 1768 neque
1065 1684 1209 1754 minues

164 1775 298 1856 propter
325 1791 432 1835 mores
465 1792 562 1853 quam
590 1769 794 1834 affinitatem.
840 1792 979 1855 namque
1007 1773 1070 1837 etsi
1097 1771 1174 1838 Dio-

165 1859 252 1943 nysii
275 1858 449 1922 crudelitas
473 1858 502 1922 ei
525 1857 734 1942 displicebat,
757 1863 868 1922 tamen
892 1861 1017 1925 salvum
1039 1865 1174 1944 propter

164 1945 450 2028 necessitudinem,
477 1946 582 2030 magis
610 1946 709 2010 etiam
737 1967 870 2011 suorum
894 1968 991 2012 causa
1013 1948 1174 2013 studebat

166 2034 279 2099 aderat
301 2034 336 2098 in
358 2033 486 2118 magnis
508 2033 615 2116 rebus,
638 2033 770 2116 eiusque
794 2033 930 2098 consilio
949 2035 1090 2098 multum
1108 2058 1175 2101 mo-

166 2123 303 2188 vebatur
330 2125 502 2206 tyrannus,
528 2121 592 2185 nisi
617 2120 737 2204 quain
760 2142 794 2185 10
825 2120 930 2186 maior
956 2121 1060 2206 ipsius
1089 2124 1174 2207 cupi-

166 2211 251 2276 ditas
270 2210 507 2275 intercesserat.
539 2209 720 2295 legationes
734 2230 811 2274 1010
826 2230 947 2294 omnes,
966 2231 1047 2294 quae
1067 2215 1211 2278 0000111

165 2299 369 2383 illustriores,
382 2319 441 2383 per
454 2297 594 2364 Dionem
609 2297 934 2362 administrabantur:
953 2319 1034 2382 quae
1045 2299 1175 2384 quidem

165 2387 219 2452 1110
244 2388 417 2474 diligenter
440 2387 601 2471 obeundo,
624 2386 764 2451 fideliter
786 2386 1042 2452 administrando
1067 2389 1175 2456 cruda

166 2475 327 2541 lissimum
340 2497 460 2542 101101
472 2476 604 2561 tyranni
618 2497 678 2541 sua
691 2475 895 2540 humanitate
909 2476 1061 2541 leniebat.
1088 2478 1175 2543 hunc
1194 2493 1210 2544 0

166 2586 185 2628 0
211 2563 371 2647 Dionysio
400 2565 537 2630 missum
559 2563 851 2649 Karthaginienses
879 2565 924 2630 010
951 2570 1176 2650 suspexerunt,

166 2656 204 2716 ut
220 2651 384 2716 neminem
401 2673 557 2735 umquam
576 2650 699 2716 Graece
722 2653 836 2736 lingua
857 2652 1045 2734 loquentem
1069 2653 1175 2740 magis

167 2739 234 2803 sint
257 2738 418 2803 admirati.

254 2825 369 2911 Neque
379 2847 455 2891 vero
469 2826 549 2891 haee
558 2825 753 2910 Dionysium
766 2825 950 2912 fugiebant:
963 2848 1040 2890 nam
1053 2833 1176 2910 quanto
1195 2829 1217 2896 2

166 2920 252 2981 esset
280 2915 344 2981 sibi
372 2918 578 2999 ornamenta,
611 2914 781 2980 sentiebat.
828 2936 892 2999 quo
924 2914 1024 2978 fiebat
1054 2919 1091 2979 ut
1120 2916 1177 2980 uni

165 3004 240 3070 huic
264 3005 403 3069 maxime
426 3004 612 3089 indulgeret
633 3024 737 3086 neque
761 3025 835 3069 eum
859 3023 951 3068 secus
971 3001 1121 3088 diligeret
1139 3025 1177 3069 ac

165 3091 282 3156 filium:
311 3093 366 3177 qui
391 3092 533 3176 quidem,
557 3114 631 3158 cum
653 3091 827 3158 Platonem
850 3091 1028 3156 Tarentum
1050 3093 1176 3158 venisse
1196 3110 1212 3158 0

167 3178 253 3243 fama
270 3181 305 3244 in
325 3178 470 3246 Siciliam
489 3184 576 3246 esset
599 3181 733 3265 perlata,
758 3180 955 3245 adulescenti
974 3200 1092 3266 negare
1111 3203 1178 3247 non

166 3269 319 3352 potuerit,
343 3269 422 3352 quin
440 3290 514 3334 eum
533 3273 720 3354 arcesseret,
739 3290 813 3334 oum
831 3267 920 3333 Dion
938 3269 1006 3333 eius
1027 3269 1177 3334 audiendi

166 3355 343 3439 cupiditate
372 3357 535 3442 flagraret
581 3357 671 3422 dedit
694 3378 771 3443 ergo
794 3357 871 3422 huic
894 3357 1023 3423 veniam
1046 3377 1178 3442 magna-

165 3464 228 3528 que
256 3465 329 3508 0111
360 3445 537 3510 ambitione
562 3443 739 3530 Syracusas
762 3445 923 3530 perduxit.
970 3467 1066 3528 quem
1089 3443 1213 3508 Dione

165 3531 244 3597 adeo
273 3531 451 3597 admiratus
479 3537 531 3598 est
558 3537 656 3618 atque
686 3533 862 3618 adamarit,
892 3537 931 3600 11
955 3553 988 3630 se
1013 3532 1044 3596 ei
1070 3535 1180 3598 totum
