2598 3906
491 171 512 226 1.
535 169 739 227 MILTIADES.
769 177 793 226 7.
812 177 837 227 8.
1148 171 1167 234 7
1243 186 1246 192 ’

158 318 258 383 rerba
275 316 354 382 fecit
367 314 470 380 frater
484 315 553 380 eius
566 313 770 401 Stesagoras.
794 337 892 380 causa
904 316 1037 401 cognita
1051 316 1168 399 eapitis
1187 332 1203 380 6

159 406 329 472 absolutus
346 404 491 488 pecunia
503 404 662 468 multatus
676 408 736 487 est,
755 425 856 488 eaque
873 404 916 468 lis
931 405 1169 490 quinquaginta

158 494 292 560 talentis
321 493 495 558 aestimata
522 495 586 576 est,
619 495 759 576 quantus
791 492 826 556 in
854 491 992 558 classem
1019 496 1168 576 sumptus

157 583 264 648 factus
284 585 363 646 erat.
395 580 480 646 hanc
494 580 664 664 pecuniam
683 579 769 664 quod
788 579 913 644 solvere
931 580 1170 664 inpraesentia

156 691 224 736 non
250 673 396 754 poterat,
428 669 463 732 in
489 668 598 734 vincla
622 668 754 752 publica
782 669 948 733 coniectus
976 672 1028 733 eat
1059 669 1169 752 ibique

158 759 244 824 diem
268 758 352 823 obiit
376 777 571 842 supremum.

246 845 310 912 Hie
333 845 396 910 etsi
420 845 553 910 crimine
572 843 669 909 Pario
693 848 745 909 est
767 849 948 930 accusatus,
971 849 1082 910 tamen
1104 845 1169 909 alia
1188 843 1207 908 8

158 956 256 1002 causa
278 933 342 998 fuit
365 932 593 1000 damnationis.
631 953 771 1017 namque
793 932 1011 998 Athenienses
1033 936 1170 1017 propior

157 1021 326 1088 Pisistrati
349 1021 567 1106 tyrannidem,
597 1042 679 1104 quae
702 1021 814 1105 paucis
838 1021 931 1086 annis
954 1025 1030 1086 ante
1052 1020 1168 1104 fuerat,

157 1111 294 1178 nimiam
313 1109 432 1176 civium
451 1131 584 1175 suorum
601 1109 784 1192 potentiam
803 1109 1067 1175 extimescebant.
1096 1107 1168 1172 Mil·
1187 1124 1203 1171 a

83 1227 84 1232 ¹
108 1262 113 1270 ,
137 1193 273 1282 'tiades,
296 1198 492 1275 mustumin
514 1197 662 1280 imperiis
680 1197 992 1283 magistratibusque
1010 1201 1168 1280 versatus,

158 1307 225 1352 non
252 1285 424 1350 videbatur
446 1283 547 1370 'posse
575 1305 645 1348 esse
677 1285 838 1368 privatus,
869 1285 1062 1368 praesertim
1095 1305 1169 1350 cum

158 1373 393 1440 consuetudine
420 1372 460 1437 ad
488 1372 616 1456 imperii
646 1371 858 1456 cupiditatem
885 1373 973 1436 trahi
996 1373 1169 1437 videretur.

30 1472 32 1478 ’
157 1485 235 1528 nam
256 1464 292 1527 ia
310 1460 514 1534 Chersoneso
538 1481 650 1525 omnes
673 1460 749 1525 illos
773 1482 854 1544 quos
877 1460 1044 1525 habitarat
1067 1476 1203 1526 annosa

158 1555 349 1635 perpetuam
359 1549 547 1615 obtinuerat
560 1548 815 1613 dominationem
830 1552 1052 1633 tyrannusque
1061 1549 1169 1614 iuerat

158 1639 357 1723 appellatus,
380 1638 436 1702 sed
459 1637 573 1702 iustus.
618 1659 684 1702 non
708 1638 888 1702 eratenim
911 1638 944 1702 vi
967 1641 1169 1720 consecutus,

158 1728 216 1792 sed
235 1747 368 1792 suorum
386 1725 565 1809 voluntate,
585 1746 721 1808 eamque
738 1729 937 1809 potestatem
955 1725 1103 1791 bonitate
1122 1746 1170 1799 re·

108 1821 111 1829 '
159 1815 294 1880 tinebat.
325 1835 436 1879 omnes
456 1817 565 1878 autem
583 1815 617 1877 et
635 1813 788 1880 dicuntur
801 1818 835 1877 et
852 1814 1015 1878 habentur
1028 1813 1169 1898 tyranni,
1287 1863 1290 1870 ,

160 1903 217 1986 qui
239 1905 404 1985 potestate
428 1905 504 1966 sunt
521 1905 680 1984 perpetua
697 1903 732 1965 in
749 1923 789 1966 ea
807 1901 949 1986 civitate,
973 1923 1055 1985 quac
1073 1902 1168 1966 liber-

29 2072 32 2075 ,
160 1993 231 2054 tate
253 2010 314 2052 usa
337 1991 395 2052 est.
429 1988 538 2052 sedin
555 1986 702 2057 Miltiade
722 1993 792 2053 erat
811 2010 885 2054 curn
908 2010 1036 2052 summa
1057 1988 1203 2053 huma-4

159 2077 247 2143 nitas
275 2080 348 2140 tum
374 2074 458 2139 mira
485 2075 716 2158 communitas,
747 2079 786 2139 ut
813 2096 909 2140 nemo
937 2079 1006 2138 tam
1033 2076 1168 2140 humilis

160 2169 261 2249 esset,
289 2164 340 2229 cui
368 2184 434 2228 non
456 2162 497 2227 ad
520 2183 594 2226 eum
617 2162 726 2227 aditus
748 2165 890 2247 pateret3
919 2183 1038 2248 magna
1061 2167 1169 2228 aueto-

160 2255 241 2318 ritas
269 2251 353 2336 apud
382 2271 494 2315 omnen
524 2250 688 2336 civitates,
705 2250 829 2315 'nobile
858 2271 991 2335 nomen,
1023 2251 1094 2316 laus
1122 2253 1169 2315 rei

160 2341 313 2406 militaris
328 2339 477 2424 maxima.
507 2338 587 2404 hacc
600 2339 742 2424 populus
756 2339 931 2429 respiciens
946 2340 1063 2404 maluit
1075 2339 1169 2404 illum

145 2429 328 2494 innoxium
351 2428 456 2511 plecti*
476 2449 575 2510 quam
598 2448 633 2492 se
655 2427 778 2492 diutius
802 2428 873 2492 esse
895 2428 931 2493 in
953 2429 1096 2517 timore„

443 2729 490 2802 11.
518 2675 886 2804 enumerooans.

60 2951 62 2956 Ι
249 2867 499 2952 Themistocles,
532 2865 647 2934 Neocli
674 2867 776 2954 filius,
807 2868 1026 2933 Atheniensis.
1072 2870 1203 2936 huius]

64 2975 67 2983 ⁴
159 2958 242 3023 vitia
258 2957 402 3023 ineuntis
421 2957 660 3023 adulescentiae
679 2957 806 3044 magnis
825 2962 903 3022 sunt
921 2956 1091 3022 emendata
1108 2959 1170 3022 vir·

69 3051 73 3058 '
160 3046 302 3130 tutibus,
330 3046 409 3111 adeo
432 3050 471 3112 ut
493 3045 695 3114 anteferatur
716 3046 793 3112 huic
815 3067 924 3130 nemo,
951 3046 1047 3130 pauci
1074 3068 1169 3131 pares

160 3138 325 3216 putentur.
376 3134 431 3199 aed
460 3135 501 3199 ab
533 3134 629 3199 initio
662 3139 713 3198 est
744 3134 925 3200 ordiendus.
978 3138 1072 3219 pater
1100 3135 1204 3201 eiusa

160 3219 300 3288 Neocles
323 3243 500 3309 generosus
523 3221 595 3287 fuit.
632 3223 661 3287 is
684 3244 819 3288 uxorem
837 3222 1042 3288 Acarnanam
1066 3224 1169 3288 civem

161 3307 262 3393 drrxit,
284 3331 324 3374 ex
347 3332 412 3394 qua
429 3315 527 3375 natus
546 3315 597 3376 est
614 3309 859 3376 Themistocles.
894 3312 950 3396 qui
969 3333 1043 3377 cum
1061 3313 1169 3377 minus

161 3400 249 3462 esset
270 3398 429 3480 probatus
452 3399 653 3483 parentibus,
676 3399 762 3483 quod
781 3403 815 3464 et
832 3399 967 3464 liberius
986 3399 1117 3464 vivebat
1136 3403 1170 3462 et

159 3507 230 3550 rem
253 3483 448 3552 familiarem
470 3487 679 3573 neglegebat,
707 3509 726 3551 a
753 3491 845 3571 patre
874 3487 1086 3552 exheredatus
1110 3489 1169 3550 est.
