2598 3906
531 240 566 294 v.
585 239 709 295 ancon.
738 246 762 296 4.
1106 244 1146 308 21

144 405 217 448 cum
240 383 460 468 compluribus
483 384 565 448 locis
588 385 720 468 praedia
741 384 920 470 hortosque
942 387 1090 474 haberet,
1111 393 1150 454 ut

142 491 317 555 numquam
344 472 380 536 in
406 471 453 536 eis
482 473 650 537 custodem
676 474 823 557 posuerit
852 473 978 540 fructus
1002 475 1150 541 servandi

142 559 262 644 gratia,
283 579 324 624 ne
348 559 421 643 quie
444 559 669 645 impediretur,
697 562 869 645 quominus
892 563 939 628 eis
962 564 1058 629 rebus
1082 565 1150 648 qui-

141 647 201 712 bus
226 647 363 732 quisque
385 647 485 712 vellet
511 647 681 714 frueretur.
727 670 855 734 semper
882 663 956 716 eu'rn
981 652 1185 736 pedisequis

141 756 215 800 cum
240 735 383 800 nummis
412 739 489 800 sunt
512 737 628 822 secuti,
655 741 707 822 ut,
734 738 762 802 si
786 739 859 822 quis
883 740 954 823 opis
978 740 1046 805 eius
1069 739 1149 804 indi·

140 826 245 909 geret,
267 823 404 888 haberet
424 824 513 907 quod
536 825 650 890 statim
673 825 779 911 daret,
798 845 842 892 ne
865 826 1042 893 differendo
1064 827 1149 892 vide·

140 915 230 976 retur
251 932 380 998 negare.
427 931 531 998 saepe,
554 935 628 979 cum
651 914 794 998 aliquem
817 914 975 1000 offensum
997 915 1148 981 fortunae

139 999 264 1064 videret
291 1000 398 1064 minus
425 1000 506 1066 bene
533 1001 702 1086 vestitum,
731 1021 825 1068 suum
851 1004 1029 1069 amiculum
1051 1003 1148 1070 dedit.

139 1087 274 1152 cottidie
301 1087 349 1153 sio
377 1110 456 1154 cene
482 1089 513 1154 ei
540 1091 754 1175 coquebatur,
785 1095 836 1176 ut,
866 1112 947 1176 qnos
979 1093 1183 1158 invocatose

139 1174 278 1239 vidisset
304 1175 339 1240 in
365 1175 452 1260 foro,
484 1197 595 1242 omnes
624 1179 664 1242 ad
691 1196 726 1243 se
751 1184 897 1264 voearet,
929 1181 1015 1264 quod
1038 1180 1148 1245 decere

137 1263 229 1328 nullo
249 1263 299 1328 die
316 1265 609 1349 praetermittebat.
641 1265 723 1348 nulli
741 1266 821 1332 fides
840 1268 919 1351 eius,
939 1268 1023 1332 nulli
1041 1288 1148 1351 opera,

138 1352 222 1417 nulli
245 1373 297 1417 res
320 1351 493 1418 familiaris
517 1351 634 1417 defuit:
670 1353 792 1418 multos
815 1355 1040 1438 locupletavit,
1062 1375 1148 1419 com-

137 1441 247 1525 plures
269 1459 427 1527 pauperes
452 1442 643 1525 [mortuos]‚
674 1441 730 1524 qui
757 1442 841 1506 unde
868 1441 1060 1508 efferrentur
1081 1463 1148 1507 non

139 1529 360 1614 reliquissent,
388 1551 446 1596 suo
470 1532 603 1613 sumptu
626 1527 753 1595 extulit.
794 1530 845 1595 sic
869 1549 903 1596 se
926 1530 1067 1617 gerendo
1090 1529 1183 1597 'mi-4

137 1617 224 1682 nime
253 1622 304 1682 est
334 1618 533 1702 mirandum,
562 1617 592 1682 si
618 1621 653 1682 et
682 1617 751 1682 vita
779 1619 849 1685 eius
878 1618 942 1683 fuit
974 1637 1087 1684 secura
1109 1622 1148 1682 et

139 1723 226 1770 mors
248 1706 375 1771 acerba.

457 2005 517 2080 VI.
551 1999 816 2080 LYSANDER.

227 2143 393 2228 Lysander
429 2140 702 2208 Lacedaemonius
739 2163 891 2229 magnam
928 2142 1061 2226 reliquit
1096 2142 1186 2210 euil

139 2233 273 2317 famam,
301 2231 407 2318 magis
429 2229 588 2296 felicitate
612 2253 709 2316 quam
732 2231 853 2297 virtute
875 2235 1017 2315 partam:
1047 2228 1148 2296 Athe

138 2322 265 2388 nienses
289 2320 376 2385 enim
398 2321 544 2387 aduersus
565 2319 820 2405 Peloponnesios
847 2319 970 2385 bellum
997 2322 1147 2405 gerentes

139 2413 288 2476 sextoet
310 2409 464 2476 vicesimo
488 2428 573 2476 enno
603 2409 780 2476 confecisse
807 2412 957 2494 apparet,
987 2425 1082 2490 neque
1113 2406 1182 2472 ida

139 2521 203 2584 qua
220 2499 346 2566 ratione
365 2504 557 2566 consecutus
581 2499 626 2564 sit
648 2499 744 2563 latet:
766 2497 939 2563 nonenim
956 2495 1078 2561 virtute
1096 2495 1148 2561 sui

139 2590 312 2673 exercitus,
340 2589 397 2654 sed
423 2588 631 2654 immodestia
659 2586 783 2652 factum
806 2590 858 2651 est
880 2585 1148 2667 mycaenorum,

139 2677 204 2761 qui,
223 2676 310 2760 quod
328 2677 415 2741 dicto
430 2677 597 2741 audientes
616 2675 869 2758 imperatoribus
885 2674 952 2739 suis
965 2693 1032 2738 non
1046 2676 1148 2756 eraut,

138 2763 292 2849 dispalati
315 2765 350 2828 in
368 2765 457 2849 agris
476 2763 598 2828 relictis
617 2762 755 2827 navibus
773 2763 808 2825 in
825 2762 972 2826 hostium
990 2764 1148 2826 venerunt

138 2856 346 2939 potestatem.
386 2873 451 2936 quo
473 2850 562 2916 iacto
586 2850 803 2915 Athenienses
827 2870 861 2913 se
884 2847 1147 2914 Lacedaemoniis

139 2943 338 3007 dediderunt.
379 2940 441 3006 hac
464 2939 602 3004 victoria
624 2937 791 3022 Lysander
813 2937 933 3022 elatus,
956 2955 1030 3001 oum
1053 2938 1182 3001 anteae

139 3051 265 3114 semper
292 3029 450 3096 factiosus
478 3028 645 3112 audaxque
672 3025 804 3110 fuisset,
837 3025 883 3090 sic
911 3023 975 3089 sibi
1004 3022 1148 3108 indulsit,

138 3123 177 3181 ut
199 3118 269 3182 eius
293 3139 392 3202 opera
418 3118 454 3182 in
480 3117 657 3182 maximum
680 3105 791 3181 odium
814 3112 970 3178 Graeciae
992 3109 1148 3176 Lacedae

139 3206 241 3268 monii
266 3205 481 3290 pervenerint.
526 3225 603 3270 nam
626 3227 700 3271 cum
726 3204 810 3269 hanc
838 3223 969 3268 causam
992 3198 1184 3266 Lacedae-4

140 3292 241 3356 monii
264 3293 470 3358 dictitassent
489 3293 552 3357 sibi
572 3315 642 3358 esse
661 3293 749 3377 belli,
771 3296 809 3356 ut
823 3289 1073 3356 Atheniensium
1091 3289 1149 3352 im·

138 3383 307 3464 potentem
330 3381 585 3445 dominationem
608 3381 836 3468 refringerent,
865 3382 1042 3464 postquam
1064 3376 1150 3459 apud

138 3468 249 3553 Aegos
277 3467 397 3532 flumen
424 3467 591 3552 Lysander
619 3469 732 3534 classis
760 3468 907 3532 hostium
934 3471 986 3530 est
1014 3464 1150 3547 potitus,

137 3556 220 3620 nihil
248 3556 337 3620 aliud
364 3557 499 3621 molitus
528 3561 579 3620 est
607 3579 703 3641 quam
731 3561 769 3621 ut
796 3577 908 3620 omnes
936 3552 1086 3618 civitates
1117 3550 1150 3613 in
