2598 3906
140 174 183 236 24
436 171 497 227 VII.
516 169 739 225 ALCIBIADES.
768 176 845 225 1-3.

103 333 118 380 a
138 320 235 399 atque
254 314 422 398 orationis,
440 319 478 378 111
496 335 591 378 nemo
611 314 641 378 ei
659 318 771 398 posset
788 313 954 398 resistere;
976 335 1050 379 cum
1068 319 1149 378 tem·

138 423 199 489 pus
223 406 381 487 posceret,
403 402 595 486 laboriosus,
617 401 759 486 patiens3
781 401 935 486 liberalis,
959 402 1148 486 splendidus
1190 395 1197 402 ’

138 512 205 555 non
223 490 330 555 minus
349 490 384 554 in
402 489 471 554 vita
490 511 588 573 quam
605 489 708 574 victu,
732 489 880 574 affabilis,
902 489 1050 573 blandus,
1068 494 1149 555 tem-

103 579 273 663 4poribus
306 577 528 642 callidissime·
547 577 705 642 serviens:
741 578 840 663 idem,
873 577 1008 642 simulac
1040 599 1074 642 se
1100 599 1148 642 re·

139 667 273 731 miserat
303 687 408 749 neque
440 682 538 730 causo
569 665 702 728 suberat
734 686 833 748 quare
866 665 965 729 animi
1000 665 1147 730 laborem

138 753 311 838 perferret,
343 753 541 837 luxuriosus,
571 752 762 836 dissolutus,
794 753 1001 838 libidinosus,
1032 753 1147 818 intem·

138 861 255 926 perans
285 840 521 925 reperiebatur,
547 844 585 904 ut
613 861 724 905 omnes
753 841 990 906 admirarentur
1020 841 1053 904 in
1080 862 1147 904 uno

138 929 268 994 homine
287 931 414 992 tantam
433 949 503 992 esse
522 927 820 992 dissimilitudinem
838 933 970 1012 temque
986 929 1147 994 diversam

138 1020 298 1081 naturam.

104 1105 125 1170 2
226 1103 392 1168 Educatus
412 1108 463 1168 est
480 1104 516 1168 in
534 1104 629 1168 domo
643 1103 762 1168 Pericli
777 1101 959 1190 (privignus
974 1105 1060 1169 enim
1077 1104 1146 1168 eius

138 1191 238 1256 fuisse
266 1189 415 1278 dicitur),
447 1192 592 1256 eruditus
621 1213 640 1255 1
668 1190 811 1257 Socrate.
857 1213 1004 1258 socerum
1030 1192 1147 1256 habuit

138 1277 372 1364 Hipponicum,
405 1281 550 1345 omnium
578 1278 703 1345 Graeca
732 1281 844 1366 lingua
872 1281 1075 1364 loquentium
1101 1279 1146 1342 di·

139 1367 312 1451 tissimum,
335 1372 381 1452 ut,
404 1369 433 1433 si
454 1369 525 1452 ipse
548 1368 669 1453 fingere
692 1369 925 1450 relictaeque
948 1368 1043 1450 plura
1060 1367 1148 1431 bona

139 1455 287 1520 eminisci
309 1477 413 1538 neque
436 1456 560 1519 maiora
581 1459 694 1536 posset
717 1455 880 1536 consequi,
903 1474 1001 1535 quam
1023 1455 1074 1518 vel
1092 1475 1147 1518 na
1199 1473 1205 1483 ·

105 1557 120 1606 1
139 1546 214 1606 tura
228 1543 279 1606 vel
293 1541 425 1606 fortuna
438 1542 608 1605 tribueret.
635 1541 766 1604 ineunte
781 1540 1000 1604 adulescentie
1019 1545 1147 1618 emotus

139 1632 190 1692 est
217 1650 237 1691 a
264 1629 376 1692 multis
405 1649 494 1691 more
519 1625 729 1711 Graecorum,
757 1627 791 1690 in
818 1627 865 1691 eis
889 1649 909 1691 1
933 1626 1079 1711 Socrate,
1108 1628 1149 1692 dc

139 1736 203 1799 quo
222 1715 421 1779 mentionem
439 1713 519 1778 facit
536 1713 632 1777 Plato
651 1714 686 1777 in
704 1715 879 1797 symposio.
914 1735 1053 1798 namque
1072 1735 1148 1779 eum

110 1875 112 1879 ,
138 1802 265 1866 induxit
288 1805 596 1867 commemorantem
620 1822 654 1865 se
683 1805 892 1884 pernoctasse
915 1823 989 1866 cum
1012 1800 1147 1867 Socrate

138 1911 242 1973 neque
265 1889 361 1954 aliter
384 1890 424 1953 ab
449 1911 487 1954 eo
511 1888 704 1974 surrexisse,
727 1911 765 1955 ao
787 1889 874 1954 filius
898 1911 917 1954 a
939 1895 1073 1974 parente
1096 1891 1147 1954 de-

105 1993 120 2042 a
139 1979 256 2043 buerit.
300 1981 513 2062 posteaquam
536 1977 703 2042 robustior
725 1981 777 2042 est
803 1977 923 2063 iactus,
952 2000 1018 2043 non
1040 1978 1148 2042 minus

140 2067 261 2132 multos
285 2067 419 2150 amavit,
447 2066 643 2148 inquorum
667 2087 789 2150 amore,
817 2067 923 2150 quoad
946 2066 1073 2131 licitum
1096 2070 1148 2130 est

141 2155 261 2238 odiosa,
280 2155 384 2233 multa
397 2153 533 2218 delicate
548 2155 719 2238 iocoseque
733 2153 825 2219 fecit:
849 2175 930 2237 quae
944 2153 1148 2236 referremus,

139 2242 203 2306 nisi
226 2242 349 2306 maiora
371 2242 500 2325 potiora
522 2242 723 2306 haberemus.

105 2329 125 2391 3
227 2328 320 2393 Bello
343 2327 578 2412 Peloponnesio
608 2329 711 2392 huius·
727 2328 863 2392 consilio
888 2331 985 2411 atque
1009 2328 1147 2392 auctori·

140 2419 208 2479 tate
236 2415 452 2481 Athenienses
482 2417 605 2481 bellum
633 2414 845 2499 Syracusanis
875 2415 1068 2480 indixerunt.
1106 2415 1146 2479 ad

141 2504 227 2588 quod
249 2504 425 2590 gerendum
447 2505 516 2588 ipse
540 2505 605 2568 dux
628 2504 770 2568 delectus
794 2507 858 2587 est,
888 2503 951 2567 duo
979 2506 1147 2586 praeterea

106 2605 121 2654 1
141 2591 283 2678 collegae
302 2592 380 2676 dati,
398 2590 494 2656 Nicia
512 2596 545 2656 et
559 2591 750 2655 Lamachus.
781 2591 815 2654 id
834 2612 908 2656 oum
927 2594 1147 2676 appararetur,

140 2679 232 2762 prius
256 2700 354 2762 quam
376 2680 489 2745 classis
513 2679 624 2764 exiret,
647 2678 766 2743 accidit
783 2683 821 2743 ut
839 2701 903 2744 una
921 2683 1016 2744 nocte
1036 2699 1147 2744 omnes

140 2765 298 2852 Hermae,
330 2769 387 2852 qui
417 2768 453 2832 in
484 2768 602 2852 oppido
635 2770 728 2831 erant
759 2765 914 2852 Athenis,
946 2767 1147 2831 deicerentur

140 2859 271 2938 praeter
292 2877 402 2940 unum,
425 2856 481 2939 qui
504 2859 579 2920 ante
601 2855 732 2919 ianuam
755 2858 825 2919 eret
842 2853 1002 2918 Andocidi
1023 2852 1147 2941 (itaque

106 2943 198 3007 cille
225 2947 345 3028 'postea
373 2942 553 3008 Mercurius
580 2941 740 3006 Andocidi
772 2942 934 3006 vocitatus
967 2937 1039 3024 est).
1085 2939 1147 3003 hoc

141 3051 215 3094 cum
238 3035 409 3114 appareret
430 3053 497 3096 non
517 3031 585 3095 sine
605 3049 723 3131 magna
741 3029 919 3093 multorum
937 3025 1147 3128 consensione

141 3137 212 3181 esse
235 3117 368 3203 factum,
392 3140 473 3204 quac
495 3139 561 3184 non
583 3119 624 3182 ad
646 3121 816 3202 1111111111,
842 3117 897 3181 sed
920 3117 961 3180 ad
983 3115 1148 3199 publicem

140 3225 210 3269 rem
227 3206 414 3292 pertineret,
438 3227 574 3292 magnus
594 3205 796 3270 multitudini
814 3205 914 3269 timor
932 3209 983 3270 est
1000 3203 1148 3287 iniectus,

140 3313 181 3357 ne
205 3314 269 3376 qua
291 3295 461 3379 repentina
479 3297 528 3360 vis
546 3297 581 3360 in
599 3295 731 3360 civitate
750 3293 930 3376 exsisteret,
953 3314 1035 3376 quae
1053 3293 1148 3356 liber·

105 3384 245 3446 statem
272 3383 471 3467 opprimeret
496 3383 617 3467 populi.
662 3382 724 3446 hoc
752 3382 890 3445 maxime
917 3381 1087 3446 convenire
1115 3379 1148 3441 in

141 3470 345 3536 Alcibiadem
359 3471 537 3553 videbatur,
556 3471 642 3554 quod
656 3474 690 3534 at
707 3469 872 3554 potentior
887 3473 921 3533 et
934 3469 1039 3534 maior
1052 3487 1148 3551 quam
1279 3519 1283 3541 ,
