2598 3906
167 205 207 269 18
474 206 522 260 IV.
540 204 751 260 cassamus.
780 213 804 259 4.
825 214 850 260 ὁ.

164 349 277 414 eodem
300 350 392 414 missi
421 354 527 433 erant,
556 350 663 413 vincla
686 351 844 433 epistulae
866 351 989 414 laxavit
1011 351 1175 436 signoque

165 439 311 503 detracto
331 438 493 523 cognovit,
516 437 544 500 si
562 437 762 522 pertulisset,
785 439 849 502 sibi
868 460 938 502 esse
960 439 1174 520 pereundum.

129 543 145 591 2
165 531 260 591 erant
277 527 312 591 in
330 525 442 589 eadem
461 525 601 609 epistula
624 546 705 607 quae
729 527 770 590 ad
789 548 827 590 ea
847 527 1063 609 pertinebant,
1087 547 1173 609 quae

164 616 250 678 inter
272 635 382 700 regem
404 612 662 695 Pausaniamque
686 618 911 678 convenerant.
955 615 1015 678 has
1038 614 1094 678 ille
1117 616 1174 678 lit
1280 662 1281 667 η

129 708 251 767 uteres
275 701 404 785 ephoris
428 700 570 764 tradidit.
606 721 672 764 non
696 705 747 765 est
768 702 1002 785 praetereunda
1025 703 1172 787 gravitas
1280 734 1281 737 ¹

163 788 491 855 Lacedaemoniorum
523 789 585 852 hcc
616 789 698 852 loco.
743 810 819 853 nam
846 812 887 854 ne
914 789 1010 855 huius
1039 789 1172 872 quidem

163 877 282 941 indicio
309 876 442 959 impulsi
470 880 546 941 sunt
572 880 610 940 ut
633 875 829 941 Pausaniam
852 877 1172 962 comprehenderent,

162 985 266 1047 neque
283 964 374 1046 prius
388 963 455 1027 vim
474 964 688 1028 adhibendam
706 969 913 1050 putaverunt,
934 988 1031 1049 quam
1045 987 1079 1030 se
1098 967 1171 1050 ipse

127 1052 345 1116 lindieasses.
379 1052 490 1135 itaque
508 1053 584 1117 huic
602 1051 709 1136 indici,
733 1053 811 1136 quid
833 1053 904 1117 fieri
927 1055 1056 1138 vellent,
1079 1077 1170 1138 prae-

163 1144 325 1224 ceperunt.
370 1139 481 1204 fanum
508 1139 655 1224 Neptuni
683 1144 734 1205 est
760 1141 911 1225 Taenari,
940 1143 1026 1226 quod
1052 1143 1170 1206 violari

162 1228 253 1294 nefas
276 1232 394 1312 putant
418 1227 542 1294 Graeci.
586 1251 623 1294 ec
646 1229 702 1294 ills
727 1230 848 1311 [index]
874 1230 1021 1316 confugit
1043 1231 1077 1293 in
1101 1253 1171 1294 ara-

164 1341 225 1402 que
249 1318 402 1383 consedit.
448 1318 531 1383 hanc
553 1319 645 1382 iuxta
672 1318 780 1382 locum
807 1319 953 1383 fecerunt
983 1319 1042 1383 sub
1071 1323 1170 1402 terra,

163 1429 202 1470 ex
226 1429 288 1490 quo
311 1409 423 1488 posset
447 1407 603 1488 exaudiri,
634 1406 662 1468 si
686 1407 757 1487 quis
782 1406 859 1488 quid
882 1407 1071 1488 loqueretur
1094 1429 1170 1471 cum

127 1493 298 1578 tArgilio.
339 1493 402 1556 huc
426 1514 464 1556 ex
487 1493 616 1574 ephoris
645 1492 776 1573 quidam
804 1493 1045 1557 descenderunt.
1086 1493 1171 1558 Pau-

162 1581 282 1662 sanias,
305 1583 342 1642 ut
367 1579 490 1642 audivit
512 1579 678 1663 Argilium
702 1579 885 1665 confugisse
909 1581 943 1644 in
967 1604 1070 1664 aram,
1097 1605 1171 1666 per-

161 1668 312 1730 turbatus
335 1666 425 1730 venit
448 1687 494 1730 eo.
541 1688 637 1750 quem
666 1688 739 1730 cum
767 1669 946 1751 supplicem
969 1669 1020 1731 dei
1043 1669 1170 1735 videret

159 1756 194 1819 in
217 1777 273 1819 ara
296 1755 470 1838 sedentem,
494 1755 634 1838 quaerit,
659 1776 773 1819 causae
798 1756 874 1840 quid
898 1757 942 1820 sit
965 1759 1033 1819 tam
1056 1778 1169 1841 repen-

160 1844 222 1907 tini
250 1842 384 1907 consilii.
429 1841 506 1906 huic
532 1843 601 1928 ille,
632 1843 709 1926 quid
737 1866 776 1908 ex
802 1844 923 1910 litteris
947 1846 1167 1931 comperisset,

126 1946 141 1993 6
161 1932 274 2017 aperit.
312 1953 375 2015 quo
395 1931 498 2018 magis
517 1931 695 1998 Pausanias
714 1934 924 2017 perturbatus
944 1955 1036 1999 orare
1051 1935 1167 2019 coepit,

160 2034 200 2087 ne
216 2019 400 2086 enuntiaret
417 2043 481 2086 neu
501 2043 535 2086 se
555 2023 708 2086 meritum
726 2024 764 2087 de
783 2023 841 2087 illo
861 2024 982 2107 optime
1001 2023 1167 2106 proderet:

163 2111 277 2194 quodsi
301 2133 372 2174 eam
390 2111 518 2174 veniam
537 2111 599 2174 sibi
619 2111 760 2174 dedisset
779 2111 944 2192 tantisque
962 2111 1165 2192 implicatum

160 2201 257 2262 rebus
282 2198 492 2280 sublevasset,
515 2220 633 2282 magno
658 2199 687 2260 ei
709 2198 853 2278 praemio
877 2197 1031 2260 futurum

126 2283 145 2347 5
247 2283 308 2346 His
327 2284 424 2346 rebus
444 2284 556 2365 ephori
576 2284 715 2368 cognitis
735 2284 838 2346 satius
856 2287 1014 2366 putarunt
1033 2285 1067 2349 in
1085 2287 1165 2350 urbe

160 2393 233 2436 eum
257 2369 492 2452 comprehendi.
539 2392 602 2452 quo
627 2392 700 2434 cum
724 2376 833 2435 essent
862 2371 1000 2454 profecti
1029 2377 1062 2437 et
1085 2373 1166 2438 Pau·
1281 2395 1282 2432 4

160 2459 266 2524 sanias
290 2458 419 2541 placato
438 2456 575 2543 Argilio,
598 2462 636 2522 nt
654 2459 802 2542 putabat,
825 2457 1100 2526 Lacedaemonem
1119 2485 1165 2525 re·
1281 2487 1282 2490 ¹

159 2549 353 2630 verteretur,
380 2545 415 2608 in
442 2545 571 2630 itinere,
599 2568 672 2610 cum
700 2546 765 2610 iam
793 2547 827 2611 in
851 2569 888 2612 eo
912 2554 999 2613 esset
1021 2555 1059 2616 ut
1082 2571 1166 2614 com-

159 2635 424 2719 prehenderetur,
457 2656 495 2697 ex
524 2634 617 2698 vultu
649 2635 816 2700 cuiusdam
846 2636 972 2722 ephori,
1005 2639 1060 2722 qui
1093 2660 1164 2702 eum

126 2738 141 2786 a
162 2723 326 2788 admoneri
346 2723 505 2806 cupiebat,
523 2722 656 2788 insidias
677 2724 741 2788 sibi
758 2725 830 2790 fieri
848 2725 1018 2790 intellexit.
1055 2727 1164 2808 itaque

160 2813 271 2898 paucis
295 2815 369 2876 ante
393 2811 560 2896 gradibus,
584 2834 680 2895 quam
705 2813 760 2894 qui
784 2835 858 2876 eum
881 2813 1108 2894 sequebantur,
1130 2813 1164 2874 in

161 2904 272 2966 aedem
299 2899 475 2982 Minervae,
500 2921 580 2981 quae
604 2899 805 2963 Chalcioicos
828 2903 976 2981 vocatur,
1009 2897 1172 2981 confugit.⁴
1281 2943 1282 2958 r

159 2989 298 3052 hincne
323 2987 408 3052 exire
431 2991 551 3071 posset,
577 2987 691 3049 statim
714 2986 826 3069 ephori
850 2985 959 3050 valvas
984 2985 1052 3048 eius
1076 2984 1163 3048 aedis

161 3076 393 3140 obstruxenmt
420 3079 606 3158 tectumque
634 3078 711 3138 sunt
739 3073 899 3157 demoliti,
934 3093 997 3156 quo
1028 3072 1163 3138 celerius
1281 3085 1282 3088 ’

125 3179 140 3227 3
161 3165 221 3228 sub
245 3163 318 3227 divo
348 3164 506 3227 interiret.
552 3161 670 3226 dicitur
693 3182 731 3226 eo
755 3166 900 3244 tempore
924 3164 1063 3226 matrem
1085 3161 1165 3226 Pau-

161 3251 269 3316 saniae
292 3250 411 3316 vixisse
436 3273 569 3334 eamque
592 3251 657 3314 iarn
681 3271 798 3336 magno
821 3253 910 3334 natu,
933 3253 1109 3334 postquam
1127 3251 1164 3314 de

162 3341 280 3406 scelere
303 3338 363 3402 filii
387 3340 553 3422 comperit,
576 3339 611 3402 in
633 3339 747 3422 primis
773 3338 812 3401 ad
831 3338 936 3402 filium
955 3338 1163 3403 claudendum

124 3448 140 3495 4
160 3429 300 3513 lapidem
325 3426 364 3491 ad
387 3425 559 3490 introitum
583 3425 669 3490 aedis
694 3426 853 3490 attulisse.
889 3426 943 3492 hic
962 3449 1036 3491 oum
1054 3426 1165 3490 semia·

159 3516 319 3581 nimisde
342 3514 465 3598 templo
485 3514 589 3578 elatus
609 3517 703 3598 esset,
728 3513 900 3580 confestim
918 3515 1059 3580 animam
1081 3512 1165 3578 effla*
1278 3541 1282 3558 ⁴
