2596 3910
49 285 52 290 A
148 236 211 299 110
450 233 535 288 xxv.
553 231 715 289 ATTIOUS.
744 237 856 288 re-1s.

146 379 335 464 aequalibus
364 382 473 443 autem
500 378 567 442 suis
596 378 632 454 Q.
660 376 837 442 Hortensio
866 381 899 442 et
926 375 970 442 M.
998 375 1158 444 Cicerone

147 468 194 532 sic
220 467 315 550 vixit,
347 470 385 550 ut
411 466 553 531 iudicare
582 465 714 531 difficile
746 465 804 549 sit,
836 465 888 530 cui
920 465 1023 530 aetati
1054 465 1159 532 buerit

110 572 126 620 a
146 555 346 638 aptissimus.
383 575 579 638 quamquam
603 576 676 618 eum
698 553 871 638 praecipue
894 553 1008 618 dilexit
1031 552 1157 639 (licere,

145 648 183 709 ut
209 664 250 707 ne
277 641 380 707 frater
407 642 537 726 quidem
560 641 590 706 ei
614 641 754 717 Quintus
778 641 885 706 carior
906 641 1007 707 fuerit
1030 646 1088 706 aut
1109 642 1157 706 fa·

111 731 312 796 amiliarior.
359 730 388 795 ci
410 730 458 794 rei
482 734 558 795 sunt
584 729 704 795 indicio
734 733 864 814 practer
891 751 946 794 eos
973 730 1090 814 libros,
1120 730 1158 795 in

147 820 264 920 quibus
292 819 330 883 de
353 839 396 920 ,eo
428 817 509 968 saluit
528 817 753 918 mentionem,
786 818 842 902 qui
871 817 906 882 in
931 818 1049 968 vulgus
1077 823 1158 920 sunt

145 905 1156 1078 dia⁵{lttltttfflt{addictissimi

146 1103 228 1166 quaa
252 1082 308 1166 qui
330 1082 428 1168 legat,
450 1082 679 1160 nonmultum
702 1081 863 1146 desideret
884 1082 1058 1147 historiam
1082 1104 1156 1148 con·

111 1175 271 1238 stextam
294 1191 406 1235 eorum
429 1173 622 1253 temporum.
663 1171 710 1234 sic
733 1170 819 1234 enim
843 1170 952 1234 omnia
975 1171 1013 1235 dc
1037 1170 1156 1236 studiis
1282 1151 1283 1218 l

145 1259 342 1343 principum,
373 1258 462 1323 vitiis
495 1258 626 1343 ducum,
658 1257 894 1323 mutationibus
927 1259 974 1322 rei
1005 1258 1156 1342 publicae

146 1347 328 1431 perscripta
351 1350 436 1430 sunt,
459 1350 497 1410 ut
518 1345 601 1410 nihil
624 1347 659 1410 in
681 1346 727 1411 eis
746 1367 813 1410 non
830 1350 990 1431 appareat
1007 1350 1041 1410 et
1059 1345 1155 1411 facile

147 1435 327 1500 existimari
350 1435 464 1519 possit,
487 1434 693 1518 prudentiam
712 1435 854 1518 quodam
872 1435 968 1499 modo
988 1455 1057 1499 esse
1077 1435 1155 1499 divi-

145 1523 322 1588 nationem.
368 1545 434 1587 non
457 1522 543 1586 enim
566 1520 679 1587 Cicero
703 1544 741 1586 ea
769 1523 888 1606 solum,
917 1545 998 1606 quae
1021 1523 1095 1587 vivo
1120 1544 1155 1587 se
1282 1505 1283 1564 Ῑ

147 1612 342 1694 accidenmt,
359 1610 474 1702 ‘futura
491 1610 662 1694 praedixit,
685 1610 741 1674 sed
759 1610 867 1695 etiam,
892 1632 973 1695 quae
992 1631 1077 1676 nunc
1093 1631 1155 1676 usu

147 1699 288 1782 veniunt,
312 1698 429 1762 cecinit
451 1701 489 1761 ut
511 1701 627 1766 vates..

96 1787 134 1849 17
234 1784 283 1850 De
310 1786 433 1869 pietate
463 1789 573 1850 autem
600 1783 705 1850 Attici
734 1786 811 1869 quid
838 1786 934 1870 plura
963 1808 1154 1854 commemo·

146 1874 237 1938 rem?
283 1895 356 1940 cum
385 1873 448 1938 hoc
475 1874 583 1957 ipsum
610 1895 684 1938 vere
713 1874 908 1960 gloriantem
937 1877 1094 1940 audierim
1120 1877 1155 1942 in

146 1962 258 2028 fimare
281 1961 396 2027 matris
420 1983 505 2046 suae,
529 1983 626 2046 quam
649 1963 767 2027 extulit
790 1985 948 2028 annorum
966 1965 1155 2052 nonaginta,

147 2073 220 2116 cum
243 2052 307 2134 epse
328 2054 402 2116 essct
424 2054 549 2134 septem
572 2055 606 2115 et
629 2051 808 2136 sexaginta,
832 2072 866 2115 se
884 2073 1062 2136 numquam
1081 2074 1154 2118 cum

147 2143 251 2204 matre
270 2139 305 2202 in
323 2139 464 2225 gratiam
483 2139 613 2223 redisse,
635 2160 813 2222 numquam
832 2161 905 2204 cum
924 2161 1035 2206 sorore
1053 2140 1154 2206 fuisse

111 2228 181 2292 ain
209 2227 390 2311 s1multate,
419 2248 516 2310 quam
543 2249 644 2311 prope
672 2228 839 2311 aequalem
871 2227 1022 2294 habebat.
1068 2229 1154 2312 quod

107 2361 128 2380 c
147 2319 198 2380 est
225 2316 355 2402 signum
383 2319 442 2380 aut
467 2314 591 2378 nullam
617 2336 773 2398 umquam
802 2317 889 2381 inter
916 2338 970 2381 eos
995 2316 1154 2400 querimo-

95 2462 97 2468 ,
145 2404 235 2468 niam
266 2403 501 2486 intercessisse,
534 2407 591 2467 aut
617 2403 703 2467 hunc
734 2425 772 2467 ea
802 2403 903 2470 fuisse
934 2404 968 2468 in
999 2425 1075 2469 suos
1107 2405 1154 2469 in·

39 2553 40 2556 ,
147 2490 326 2575 dulgentia,
357 2493 408 2572 ut,
440 2510 521 2573 quos
552 2511 660 2555 amare
688 2491 833 2576 deberet,
864 2491 960 2557 irasci
988 2492 1034 2557 eis
1062 2491 1153 2557 nefas

111 2595 126 2641 3
147 2579 286 2643 duceret.
313 2598 417 2660 neque
430 2578 464 2642 id
478 2577 557 2642 fecit
569 2583 688 2644 natura
702 2579 817 2664 solum,
832 2601 1028 2664 quamquam
1043 2601 1153 2645 omnes

146 2666 176 2730 ei
197 2687 363 2751 paremus,
390 2667 446 2731 sed
469 2666 568 2731 etiam
591 2667 751 2732 doctrina:
781 2689 857 2732 nam
879 2669 1063 2754 principum
1085 2669 1153 2753 phi-

146 2755 357 2840 losophorum
379 2755 428 2820 ita
454 2759 608 2840 percepta
634 2755 751 2820 babuit
776 2760 962 2840 praecepta,
989 2761 1027 2822 ut
1049 2757 1090 2822 iis
1113 2756 1153 2822 ad

146 2844 249 2909 vitam
272 2843 440 2928 agendam,
462 2865 528 2908 non
550 2844 591 2908 ad
614 2844 867 2910 ostentationem
890 2849 1046 2910 uteretur.

98 2932 136 2996 18
234 2931 336 2996 Moris
360 2932 460 2996 etiam
483 2931 643 2998 maiorum
665 2953 811 3006 summus
839 2932 987 2997 imitator
1014 2933 1078 2997 fuit
1101 2955 1153 2997 an·

148 3020 376 3103 tiquitatisquc
409 3023 550 3104 amator,
588 3041 685 3104 quam
717 3021 797 3086 adeo
830 3021 1003 3107 diligenter
1037 3020 1154 3086 habuit

148 3109 327 3192 cognitam,
353 3112 391 3172 ut
419 3130 490 3172 eam
518 3112 623 3173 totam
650 3109 684 3172 in
712 3130 749 3173 eo
773 3109 936 3174 volumine
960 3109 1154 3193 exposuerit,

111 3209 211 3277 aquo
235 3195 448 3280 magistratus
473 3196 641 3262 ordinavit.
677 3195 768 3260 nulla
786 3197 872 3262 enim
895 3198 947 3261 lex
970 3219 1073 3281 neque
1092 3217 1153 3281 pax

146 3303 249 3366 neque
276 3282 399 3346 bellum
426 3305 529 3366 neque
557 3306 608 3348 res
636 3285 774 3349 illustris
797 3289 849 3349 est
870 3285 983 3369 populi
1006 3285 1153 3368 Romani,

148 3391 230 3452 quae
252 3391 319 3434 non
336 3369 372 3432 in
390 3391 428 3434 eo
448 3391 506 3434 suo
526 3375 672 3455 tempore
692 3373 736 3437 sit
754 3376 878 3456 notata,
901 3376 944 3456 et,
968 3373 1054 3456 quod
1073 3371 1153 3436 diffi·
1278 3392 1283 3399 ·’

15 3539 20 3546 .
147 3457 304 3522 cillimum
331 3454 407 3540 fuit,
435 3457 482 3522 sic
504 3457 702 3523 familiarum
725 3460 883 3544 originem
907 3459 1088 3544 subtexuit,
1118 3463 1153 3523 ut

147 3564 246 3608 exeo
271 3546 432 3609 clarorum
455 3544 598 3610 virorum
625 3548 820 3632 propagines
850 3548 1013 3630 possimus
1038 3567 1152 3632 cogno·
