2596 3910
455 232 553 288 XVIII.
572 232 751 291 EUMENES.
781 239 857 291 3-5.
1118 235 1159 299 73

105 407 107 410 ·
155 378 304 462 micaret,
331 399 395 462 quo
422 378 496 462 plus
519 377 663 464 valebat,
691 399 788 462 quam
814 378 975 463 peditatu,
1003 400 1067 463 quo
1091 384 1161 445 eret

155 466 304 532 deterior.

244 553 389 632 Quorum
413 553 570 620 acerrimo
593 575 753 620 concursu
772 577 845 620 cum
863 576 1015 641 magnam
1033 559 1161 640 partem
1178 558 1201 621 4

154 642 218 708 diei
241 647 328 709 esset
354 647 550 728 pugnatum,
574 643 665 708 cadit
688 642 840 709 Crateros
868 643 933 709 dux
960 648 994 709 et
1016 642 1160 729 Neopto

153 730 267 816 femus,
290 731 346 815 qui
369 731 544 796 secundum
561 731 975 816 locum1mperiitenebat.
1007 753 1080 798 cum
1098 732 1160 798 hoo

155 819 354 885 concurrit
345 841 415 904 1pse
437 818 608 885 Eumenes.
654 819 709 902 qui
733 841 806 885 cum
833 820 920 886 inter
943 842 976 886 ιι
1001 821 1195 904 compluria

153 907 188 972 in
211 912 332 972 terram
355 929 394 972 ex
417 907 508 992 equis
528 907 730 993 decidissent,
752 911 790 973 ut
775 907 903 973 tfacile
923 908 1070 994 intellegi
1088 930 1160 994 pos-

154 999 228 1060 sent
245 995 378 1061 inimica
395 1000 504 1061 mente
523 999 600 1061 cont
585 995 727 1061 tendisse
747 997 918 1098 animoque
937 997 1043 1082 magis
1060 997 1161 1063 etiem

153 1103 317 1168 pugnasse
350 1105 448 1166 quam
479 1105 632 1168 corpore,
667 1105 733 1149 non
768 1086 858 1168 prius
893 1085 1043 1150 distracti
1074 1089 1160 1168 sunt,

155 1192 253 1254 qnam
270 1171 409 1236 alterum
427 1171 535 1236 anima
548 1171 753 1254 relinqueret.
777 1173 818 1236 ab
836 1173 899 1237 hoc
914 1173 1039 1256 aliquot
1052 1135 1160 1258 plagii

15 1289 17 1294 ·
153 1257 317 1324 Eumenes
344 1259 546 1344 vulneratur,
572 1280 676 1342 neque
704 1280 741 1324 ιο
765 1259 870 1344 magis
894 1281 933 1324 ex
962 1260 1086 1360 proelio
1111 1282 1161 1324 ex-

155 1347 267 1431 cessit,
295 1347 351 1413 sed
379 1347 485 1412 acrius
512 1347 588 1412 host
590 1367 624 1411 es
647 1345 778 1411 institit.
823 1345 876 1412 hio
900 1351 990 1431 equ1t
965 1347 1064 1412 tibus
1088 1369 1160 1432 pro·
1179 1362 1195 1410 e

154 1435 259 1520 fligat
249 1439 369 1520 1s,1nt
319 1434 492 1500 interfecto
516 1435 596 1500 dirce
620 1432 698 1500 Orat
684 1438 769 1519 tero,
796 1435 889 1500 mult
865 1439 908 1500 ιιι
936 1439 1105 1520 praeterea
1127 1440 1161 1502 et

155 1524 292 1590 maxime
314 1524 479 1589 nobilibus
504 1524 607 1608 captis
630 1523 781 1608 pedester
809 1523 983 1609 exereitus,
1014 1524 1099 1608 quod
1127 1523 1162 1588 in

153 1633 192 1678 ea
218 1613 290 1678 loca
317 1616 389 1678 erat
415 1612 586 1697 deductus,
617 1615 655 1677 ut
682 1611 785 1677 invito
808 1611 954 1678 Eumene
982 1612 1069 1677 elabi
1095 1633 1161 1677 non

152 1705 278 1784 posset,
304 1722 418 1784 pecem
441 1701 481 1764 ab
505 1722 543 1766 eo
566 1700 671 1785 petiit.
717 1722 815 1783 quam
842 1722 916 1766 cum
943 1701 1161 1785 impetrasset,

154 1789 189 1852 in
210 1787 273 1852 fide
294 1809 361 1852 non
383 1788 504 1852 mansit
526 1791 560 1852 et
582 1810 632 1872 se,
662 1788 797 1854 simulac
820 1790 938 1873 potuit,
962 1789 1003 1854 ad
1025 1787 1157 1873 Antipa

154 1880 243 1940 trum
265 1874 396 1959 recepit
436 1874 598 1940 Eumenes
622 1875 792 1941 Craterum
816 1899 854 1941 ex
879 1877 947 1941 acie
971 1877 1197 1942 semivivumr

155 1965 278 2029 elatum
301 1983 446 2028 recreare
470 1962 608 2047 studuIt3
641 1985 713 2027 cum
736 1963 770 2026 id
792 1984 858 2028 non
879 1968 1001 2047 posset,
1023 1985 1082 2047 pro
1105 1964 1161 2028 ho·

154 2051 251 2116 minis
275 2050 436 2136 dignitate
458 2071 582 2134 proque
605 2049 746 2134 pristina
769 2049 914 2114 amicitia
932 2047 1085 2135 (namque
1103 2050 1161 2115 illo

154 2161 233 2205 usus
262 2142 333 2205 erat
355 2137 540 2203 Alexandro
567 2137 641 2202 ιιιο
669 2135 889 2223 familiariter)
913 2138 1022 2222 amplo
1050 2136 1161 2202 funere

154 2228 274 2294 extulit
301 2247 438 2311 ossaque
466 2226 501 2291 in
524 2224 749 2291 Macedoniam
775 2226 869 2290 uxori
897 2225 966 2291 eius
990 2246 1027 2290 ac
1050 2226 1161 2290 liberis

154 2316 291 2382 remisit.

241 2403 332 2470 Haec
351 2403 429 2468 dum
443 2403 527 2489 apud
541 2401 793 2486 Hellespontum
807 2405 973 2488 geruntur,
991 2402 1160 2469 Perdiccas
1180 2400 1201 2466 5

155 2494 240 2578 apud
254 2492 368 2558 Nilum
390 2493 512 2557 flumen
533 2491 730 2557 interficitur
749 2513 768 2556 a
787 2489 922 2557 Seleuco
941 2496 975 2557 et
989 2490 1162 2578 Antigene,

154 2601 326 2664 rerumque
359 2602 486 2644 summa
517 2580 557 2644 ad
584 2579 797 2664 Antipatrum
828 2579 980 2645 defertur.
1025 2580 1079 2645 hic
1106 2580 1162 2664 qui

154 2689 218 2734 non
244 2668 465 2752 deseruerant,
496 2668 640 2734 exercitu
672 2667 862 2752 suffragium
893 2667 1017 2732 ferente
1045 2667 1162 2750 cepitis

156 2758 307 2822 absentes
325 2755 528 2840 damnantur,
551 2756 585 2820 in
604 2757 650 2820 eis
669 2755 841 2820 Eumenes.
877 2755 939 2820 hac
961 2755 1017 2819 ille
1039 2755 1162 2838 percul-

156 2866 210 2911 sus
238 2845 337 2930 plaga
362 2865 429 2908 non
456 2845 628 2910 succubuit
650 2865 754 2928 neque
777 2864 815 2909 eo
840 2843 941 2908 setius
964 2842 1087 2908 bellurn
1110 2843 1163 2906 ad-

155 2933 363 2999 ministravit.
405 2933 461 2997 sed
484 2932 583 2998 exiles
611 2955 663 2998 res
687 2932 786 2997 animi
810 2931 920 3016 magni
922 2931 1116 3014 tudinem,e
1099 2931 1163 2994 etsi

154 3043 221 3087 non
243 3021 453 3108 frangebant,
482 3024 592 3086 tamen
615 3021 813 3086 minuebant.
790 3020 944 3084 thune
966 3031 1198 3104 persequensr

156 3108 360 3211 Antigonus,
397 3132 470 3174 cum
503 3109 592 3174 omni
628 3130 746 3194 genere
778 3108 944 3192 copiarum
976 3107 1163 3192 abundaret,

157 3218 252 3280 saepe
274 3197 310 3262 in
332 3197 505 3263 itineribus
528 3198 716 3299 vexabatur,
738 3217 842 3280 neque
865 3217 1020 3281 umquam
1039 3197 1079 3262 ad
1098 3219 1163 3262 ma·

156 3306 235 3350 num
254 3285 404 3350 accedere
422 3285 588 3351 licebat
556 3285 621 3350 msi
635 3286 675 3349 iis
689 3285 780 3369 locis,
804 3285 921 3368 quibus
934 3285 1031 3370 pauci
1049 3284 1162 3350 multis

156 3377 294 3456 possent
310 3373 472 3439 resistere.
509 3374 566 3438 sed
584 3377 728 3438 extremo
752 3377 908 3458 tempore,
931 3395 1004 3439 cum
1027 3371 1196 3438 consilioe

157 3461 229 3545 capi
242 3481 308 3524 non
321 3465 448 3562 posset,
456 3461 552 3526 multi
554 3461 665 3526 tudine
680 3461 868 3527 circumitus
883 3465 942 3527 est.
963 3461 1040 3524 hinc
1054 3463 1163 3522 tamen

156 3548 269 3612 multis
294 3547 360 3610 suis
384 3548 513 3613 amissis
537 3570 571 3614 se
590 3549 753 3631 expedivit
771 3550 831 3612 ιι
822 3572 856 3614 m
876 3547 1045 3612 castellum
1063 3544 1164 3625 Phry-
