2598 3906
413 236 484 292 VIII.
504 234 776 293 THRASYBULUS.
807 241 831 290 8.
850 242 875 291 4.
1112 239 1155 304 33

146 380 484 446 Lacedaemoniorum.
524 381 553 445 is
576 381 662 445 iuter
684 380 925 464 Thrasybulum
948 384 982 444 ot
1004 402 1075 467 eos,
1099 384 1155 466 qui

146 470 259 534 urbem
291 470 460 552 tenebant,
493 467 571 534 fecit
602 489 716 552 pacem
744 468 797 532 his
826 468 1084 534 condicionibus:
1114 493 1155 536 no

146 558 201 640 qui
227 561 359 641 praeter
386 556 525 642 triginta
552 560 709 640 tyrannos
737 560 771 621 st
798 555 921 640 decem,
954 558 1010 642 qui
1039 561 1155 640 postea

144 649 311 728 praetores
335 644 436 710 creati
460 644 636 729 superioris
655 666 744 709 more
763 644 966 709 crudelitatis
985 649 1079 710 erant
1094 647 1155 730 usi,

145 732 352 798 afficerentur
381 733 477 797 exilio
504 753 583 797 neve
613 732 700 797 bona
731 732 989 816 publicarentur:
1021 733 1069 797 rei
1097 755 1155 817 pu-

144 821 248 886 blicae
271 821 458 906 procuratio
481 821 603 906 populo
626 820 822 886 redderetur.
866 822 1069 904 praeclarum
1091 821 1189 887 hoca

144 931 272 993 quoque
294 908 508 993 Thrasybuli,
532 908 618 993 quod
640 909 850 974 reconciliata
871 931 965 994 pace,
988 932 1062 975 cum
1084 910 1154 994 plu-

143 997 263 1062 rimum
291 997 325 1062 in
348 997 480 1061 civitate
507 1001 633 1081 posset,
663 997 770 1083 legem
797 997 890 1080 tulit,
915 1019 956 1062 ne
980 998 1053 1082 quis
1077 1001 1153 1062 anto

144 1089 291 1149 actarum
313 1106 422 1149 rerum
444 1089 650 1150 accusaretur
672 1106 752 1149 neve
779 1085 987 1170 multaretur,
1017 1107 1165 1170 eamque,

143 1173 193 1236 illi
221 1172 393 1238 oblivionis
422 1173 634 1257 appellarunt.
679 1194 782 1256 neque
805 1194 881 1238 vero
910 1174 994 1239 hanc
1021 1178 1188 1239 tantuma

142 1260 309 1325 ferendam
337 1259 477 1343 curavit,
504 1260 560 1325 sed
588 1260 688 1324 etiam
709 1264 748 1323 ut
770 1261 893 1326 valeret
916 1261 1031 1327 effecit.
1075 1278 1152 1327 nam

142 1370 216 1414 curn
240 1348 371 1434 quidam
399 1370 438 1413 ex
464 1347 519 1432 iis,
547 1347 603 1431 qui
632 1347 729 1412 simul
753 1369 826 1412 cum
849 1369 887 1412 eo
910 1349 945 1412 in
967 1348 1063 1413 exilio
1087 1348 1152 1414 fue-

141 1441 229 1521 rant,
263 1437 394 1502 caedem
421 1435 527 1501 facere
555 1457 667 1501 eorum
695 1435 830 1519 vellent,
862 1457 936 1502 cum
968 1436 1085 1521 quibus
1117 1437 1153 1501 iu

142 1525 283 1611 gratiam
310 1525 451 1590 reditum
479 1528 550 1589 erat
576 1524 718 1609 publico,
745 1523 916 1607 prohibuit
943 1528 977 1588 ot
1004 1525 1038 1589 id
1065 1525 1151 1608 quod

141 1613 309 1696 pollicitus
333 1617 404 1678 erat
425 1611 601 1697 praestitit.

229 1701 315 1767 Huic
342 1723 401 1784 pro
430 1702 532 1766 tantis
560 1701 686 1766 meritis
714 1701 848 1766 honoris
871 1721 967 1767 causa
989 1718 1109 1767 corona
1131 1702 1190 1767 a4

140 1789 262 1872 populo
276 1789 353 1854 data
366 1794 426 1873 est,
444 1789 533 1854 facta
547 1789 670 1854 duabus
685 1790 822 1875 virgulis
837 1789 1022 1876 oleagineis.
1053 1811 1150 1874 quam

142 1875 229 1959 quod
261 1897 352 1941 amor
385 1877 504 1941 civium
536 1881 569 1941 et
600 1899 666 1942 non
695 1877 745 1942 vis
778 1880 995 1961 expresserat,
1025 1877 1151 1942 nullam

141 1963 258 2029 habuit
280 1964 435 2028 invidiam
458 1984 639 2048 magnaque
658 1964 722 2028 luit
740 1964 853 2050 gloria.
890 1965 971 2030 bene
990 1986 1067 2052 ergo
1082 1965 1150 2029 Pit
1169 1981 1184 2029 a

141 2055 235 2117 tacus
257 2051 323 2136 ille,
347 2051 403 2134 qui
425 2052 461 2116 io
484 2055 609 2135 septem
632 2052 816 2134 sapientum
837 2073 972 2116 numero
991 2056 1042 2116 est
1059 2052 1150 2116 habi-

141 2144 214 2224 tus,
252 2161 326 2204 cnm
357 2137 547 2223 Mytilenaei
579 2139 683 2203 multa
714 2139 804 2204 milia
837 2138 986 2226 iugerum
1017 2140 1088 2226 agri
1120 2139 1150 2204 ei

141 2228 267 2293 muneri
294 2228 422 2312 darent,
446 2225 569 2312 ‘nolite
588 2249 645 2293 oro
665 2227 743 2312 vos,’
764 2227 871 2310 inquit
894 2227 939 2292 ‘id
961 2227 1042 2292 mihi
1065 2227 1150 2313 dare,

141 2316 228 2399 quod
242 2316 338 2381 multi
351 2315 526 2399 invideant,
543 2315 653 2400 plures
668 2316 767 2380 etiam
781 2315 1019 2400 concupiscant.
1051 2337 1149 2400 quaro

141 2425 180 2468 ex
202 2404 276 2469 istis
298 2405 376 2470 nolo
400 2403 540 2488 amplius
568 2425 666 2487 quam
693 2407 823 2470 centum
850 2403 976 2490 iugera,
1005 2427 1087 2490 quae
1115 2408 1149 2471 et

141 2513 246 2556 meam
279 2492 378 2558 animi
412 2492 610 2576 aequitatem
638 2496 671 2556 et
698 2496 840 2557 vestram
867 2493 1071 2559 voluntatem
1102 2495 1148 2560 in-

140 2579 268 2644 dicent’
313 2602 390 2645 nam
421 2602 521 2664 parva
548 2601 681 2645 munera
708 2581 847 2665 diutina,
879 2581 1056 2666 locupletia
1082 2604 1148 2647 non

140 2667 274 2750 propria
296 2689 365 2732 esse
389 2672 593 2732 consuerunt.
628 2668 686 2732 illa
708 2668 811 2752 igitur
833 2689 953 2733 corona
975 2675 1147 2736 contentus
1165 2686 1182 2734 a

140 2753 362 2838 llbrasyhnlns
394 2776 498 2838 neque
531 2754 670 2838 amplius
702 2755 873 2837 requisivit
904 2777 1008 2839 neque
1042 2779 1147 2841 quem-

140 2864 239 2926 quam
256 2843 378 2908 honore
397 2864 432 2908 sa
451 2842 664 2908 antecessisse
682 2843 889 2907 existimavit.
925 2843 980 2908 hic
999 2845 1147 2928 sequenti
1165 2861 1182 2909 o

140 2936 296 3016 ternpore,
319 2953 393 2998 cum
415 2935 547 3016 praetor
570 2931 708 2996 classem
731 2932 771 2996 ad
794 2929 943 2997 Ciliciam
967 2933 1147 3016 appulisset

139 3040 242 3102 neque
270 3020 351 3085 satis
379 3019 551 3106 diligenter
578 3019 613 3084 in
640 3019 755 3084 castris
780 3019 848 3086 eius
872 3024 1045 3105 agerentur
1067 3021 1147 3108 vigi·

139 3106 216 3191 liae,
244 3129 264 3171 a
289 3109 437 3173 barbaris
465 3130 504 3172 ex
532 3107 651 3192 oppido
678 3111 778 3174 noctu
806 3108 973 3193 eruptione
1001 3109 1089 3175 facta
1110 3111 1145 3174 iu

141 3194 349 3262 tabernaculo
372 3195 563 3262 interfectus
588 3200 647 3260 est.
