2596 3910
433 235 532 290 xxm.
550 233 746 293 HANNIBAL.
775 241 843 292 uss.
1106 237 1148 302 93

142 402 205 464 que
227 379 362 444 fratrem
385 381 454 445 eius
477 379 663 468 Magonem.
706 368 952 463 hcc'responso
975 380 1185 465 Karthagi·4

141 469 270 534 nienses
294 468 427 554 cognito
450 467 671 532 Hannibalem
694 467 826 532 domum
849 471 882 532 et
904 466 1080 554 Magonem
1102 491 1150 533 re·

141 560 307 622 vocarunt.
352 557 416 621 huc
443 560 482 621 ut
508 555 618 640 rediit,
650 577 708 619 rex
738 555 846 620 faetus
878 560 942 641 est,
973 560 1150 640 postquam

62 682 69 692 ·
137 645 320 728 imperator
343 643 459 728 fuerat,
483 665 567 709 anno
591 643 730 708 seeundo
755 647 788 708 et
810 643 981 709 vicesimo:
1003 649 1042 708 ut
1064 645 1150 710 enim

142 733 266 798 Romae
290 733 448 817 eonsules,
472 733 519 797 sic
537 731 741 818 Karthagine
762 723 936 819 quotannis
960 733 1058 797 annui
1081 733 1151 796 bini

141 841 235 906 reges
260 821 463 886 creabantur.
497 821 533 884 in
551 842 588 885 eo
612 820 811 906 magistratu
831 821 903 904 pari
926 821 1097 906 diligentia
1116 834 1184 901 ses

141 908 308 974 Hannibal
330 908 490 993 praebuit,
514 930 551 975 ac
573 907 681 973 fueret
702 908 738 973 in
755 908 851 973 belle.
885 931 1025 992 namque
1044 908 1150 974 effecit

142 1021 182 1062 ex
199 997 293 1062 novis
312 997 527 1083 vectigalibus
545 1019 612 1062 non
630 997 736 1062 solum
749 1001 788 1061 ut
803 1002 890 1062 esset
902 998 1048 1082 pecunia,
1068 1019 1157 1081 quae,

142 1085 299 1150 Romanis
323 1107 363 1150 ex
384 1085 512 1150 foedere
535 1086 738 1169 penderetur,
761 1085 817 1149 sed
840 1086 940 1150 etiam
958 1089 1151 1170 superesset,

143 1195 225 1257 quae
247 1174 283 1238 in
305 1175 430 1238 aerario
449 1178 668 1257 reponeretur.
703 1172 816 1237 deinde
841 1175 938 1252 [anno
961 1178 1038 1256 post
1060 1188 1185 1258 praee

142 1263 265 1342 turam]
289 1261 333 1325 M.
357 1260 493 1327 Claudio
516 1259 552 1325 L.
576 1261 675 1325 Furio
704 1259 890 1325 consulibus
913 1260 1019 1325 Roma
1048 1261 1151 1346 legati

142 1349 383 1435 Karthaginem
410 1353 574 1414 venerunt.
619 1349 680 1413 hos
708 1347 883 1412 Hannibal
903 1353 994 1413 ratus
1023 1349 1073 1413 sui
1101 1371 1151 1412 ex-

141 1439 297 1522 poscendi
315 1438 424 1524 gratia
442 1437 570 1522 missos,
591 1437 781 1521 priusquam
800 1436 840 1500 iis
860 1441 991 1501 senatus
1011 1437 1151 1521 daretur,

59 1541 73 1564 ·
141 1549 258 1592 navem
281 1526 427 1592 ascendit
450 1527 535 1590 elam
558 1529 656 1609 atque
678 1527 714 1589 in
737 1523 865 1608 Syriam
888 1525 928 1589 ad
950 1524 1151 1590 Antiochum

142 1615 296 1700 perfugit
329 1615 392 1683 hac
414 1636 449 1678 re
472 1615 582 1698 palam
604 1613 692 1679 facta
709 1611 811 1678 Poeni
833 1635 932 1678 naves
955 1613 1044 1698 duas,
1068 1634 1149 1696 quae
1170 1625 1185 1675 '1

143 1725 218 1767 eum
241 1703 558 1787 comprehenderent,
581 1702 609 1766 si
631 1705 767 1786 possent
790 1701 960 1786 consequi,
983 1701 1151 1786 miserrmt,

45 1824 47 1828 ·
138 1791 230 1855 bona
258 1791 327 1854 eius
354 1789 575 1874 publicanmt,
605 1791 737 1854 domum
764 1811 784 1854 c
809 1789 1028 1856 fundamentis
1057 1789 1151 1854 disie-

9 1921 13 1950 .
144 1882 266 1962 cerunt,
288 1878 397 1961 ipsum
420 1877 546 1940 exulem
568 1877 761 1941 iudicarunt.

232 1965 280 2030 At
301 1964 467 2029 Hannibal
490 1986 574 2028 anno
599 1968 728 2048 quarto,
757 1967 933 2046 postquem
960 1965 1055 2040 domo
1078 1986 1150 2047 pro·
1169 1964 1189 2030 8

122 2055 283 2140 lugeret,
305 2053 341 2117 L.
356 2051 507 2118 Cornelio
527 2051 564 2128 Q.
578 2050 721 2117 Minucio
745 2051 941 2135 consulibus,
964 2054 1037 2116 cum
1061 2052 1151 2135 quin-

141 2165 207 2231 que
229 2142 368 2208 navibus
382 2139 529 2205 Africam
553 2140 690 2204 accessit
711 2141 747 2204 in
768 2139 887 2204 finibus
903 2137 1151 2224 Cyrenaeorum,

145 2232 173 2297 si
200 2231 286 2297 forte
314 2229 604 2314 Karthaginienses
632 2229 673 2293 ad
702 2227 825 2292 bellum
856 2227 1006 2292 inducere
1037 2231 1151 2312 posset

144 2319 301 2386 Antiochi
324 2341 381 2403 spe
403 2317 593 2401 fiduciaque,
625 2317 677 2382 cui
699 2317 766 2380 iam
787 2319 994 2398 persuaserat
1016 2319 1054 2380 ut
1077 2338 1151 2381 cum
1208 2327 1217 2338 ’

145 2409 339 2474 exercitibus
363 2407 398 2470 in
420 2405 553 2470 Italiam
581 2405 849 2488 proficisceretur.
890 2404 954 2470 hue
976 2403 1150 2489 Magonem

144 2497 280 2562 fratrem
303 2495 430 2562 excivit.
474 2494 508 2559 id
530 2493 587 2559 ubi
610 2493 712 2558 Poeni
734 2493 947 2577 resciverunt,
976 2491 1151 2578 Magonem
1170 2508 1185 2556 2

146 2586 270 2669 eadem,
294 2607 358 2668 qua
380 2583 529 2666 fratrem,
552 2583 721 2648 absentem
744 2580 920 2646 affeeem'nt
941 2603 1055 2664 poena.
1100 2581 1150 2644 illi

145 2673 322 2756 desperatis
350 2672 446 2736 rebus
471 2691 544 2736 cum
574 2670 748 2735 solvissent
769 2690 867 2734 naves
891 2690 928 2732 ac
950 2669 1022 2732 vela
1044 2669 1149 2734 ventis
1175 2698 1182 2710 ·

145 2761 324 2845 dedissent,
346 2759 512 2824 Hannibal
535 2759 576 2824 ad
598 2757 798 2822 Antiochum
820 2755 976 2840 pervenit.
1022 2756 1060 2819 de
1083 2755 1150 2820 Ma-

144 2851 240 2936 gonis
267 2849 402 2914 interitu
429 2848 547 2930 duplex
573 2846 731 2911 memoria
758 2845 888 2928 prodita
911 2847 974 2908 est:
1010 2865 1149 2926 namque

145 2938 201 3005 alii
227 2937 413 3022 naufragio,
440 2935 496 2999 alii
519 2957 539 3000 a
562 2934 697 3000 servulis
720 2933 823 3017 ipsius
846 2931 1054 2996 interfectum
1077 2953 1150 2995 eum

145 3027 303 3110 seriptum
321 3025 535 3107 ,reliqueremt
571 3022 754 3087 Antiochus
777 3025 887 3085 autem
910 3020 939 3085 si
957 3023 1027 3084 tem
1045 3019 1080 3083 in
1098 3041 1150 3106 ge·
1169 3037 1184 3084 s

143 3115 242 3180 rendo
270 3115 356 3179 bello
382 3112 528 3178 consiliis
557 3113 625 3177 eius
652 3131 765 3194 parere
792 3109 963 3200 voluisset,
991 3129 1088 3192 quam
1116 3109 1150 3174 in

9 3239 10 3244 .
143 3203 348 3286 suscipiendo
367 3201 570 3284 instituerat,
593 3199 726 3284 propius
745 3197 855 3261 Tiberi
879 3219 977 3280 quam
999 3199 1035 3261 in
1052 3196 1150 3262 Ther-

142 3292 284 3375 mopylis
317 3291 355 3354 de
389 3311 515 3354 summa
546 3288 674 3372 imperii
709 3286 903 3351 dimicasset.
959 3306 1055 3369 quem
1087 3285 1150 3350 etsi
1177 3305 1185 3322 ·

141 3380 247 3444 multa
270 3379 371 3442 stulte
394 3377 504 3442 conari
527 3377 671 3460 videbat,
701 3379 812 3440 tamen
837 3375 928 3439 nulla
951 3373 1093 3438 deseruit
1115 3373 1150 3436 in

140 3490 184 3534 re.
220 3467 364 3552 praefuit
382 3466 497 3548 paucis,
511 3465 659 3548 navibus,
682 3485 761 3547 quas
781 3485 820 3528 ex
840 3461 934 3546 Syria
952 3461 1060 3526 iussus
1079 3463 1150 3524 crat
1169 3476 1184 3523 4

139 3557 175 3621 in
197 3553 314 3622 Asiam
336 3556 461 3639 ducere,
484 3553 588 3635 iisque
611 3554 764 3618 adversus
787 3551 990 3616 Rhodiorum
1013 3548 1150 3612 classem
1282 3571 1288 3581 ·
