2598 3906
464 182 511 237 Vl.
531 181 735 240 LYSANDER.
763 190 788 238 3.
807 188 832 236 4.
1110 183 1152 248 23

144 331 206 394 bus
226 329 289 393 dux
308 329 468 414 deligatur
486 327 526 393 ad
544 327 667 391 bellum
687 327 871 412 gerendum,
891 327 946 392 sed
964 327 1008 392 sic
1022 327 1152 413 scripta,

145 421 184 482 ut
206 418 299 481 deum
323 416 485 481 videretur
508 435 684 501 congruere
708 414 896 499 sententiae,
920 435 1017 497 quam
1040 415 1095 479 ille
1118 437 1152 480 se

145 505 332 569 habiturum
351 504 488 589 pecunia
505 502 607 567 fidens
625 524 690 566 non
705 503 878 566 dubitarat.
912 502 1039 566 hancei
1055 503 1153 586 scrip-

146 593 227 658 sisse
251 591 352 658 Oleon
374 591 620 657 Halicarnasius
643 590 770 654 dicitur.

225 680 341 764 -Atque
369 681 432 749 hoc
459 680 530 744 loco
557 700 624 743 non
650 681 701 742 est
732 678 1001 762 praetereundum
1029 678 1195 742 factum4

144 767 357 852 Pharnabazi,
381 768 519 852 satrapis
543 767 633 852 regii.
678 788 752 830 nam
777 787 850 831 cum
873 764 1040 850 Lysander
1062 787 1152 849 prae-

144 856 249 922 fectus
277 855 391 920 classis
419 855 453 919 in
480 855 565 919 bello
594 854 698 918 multa
725 853 897 918 crudeliter
924 874 1082 937 avareque
1110 852 1153 916 fe·

145 944 245 1009 uisset
269 944 371 1028 deque
393 943 434 1008 iis
458 943 554 1007 rebus
578 942 796 1026 suspicaretur
819 942 859 1006 ad
883 941 967 1006 cives
988 962 1062 1006 suos
1082 961 1152 1005 essa

12 1072 14 1077 ·
144 1033 316 1117 perlatum,
334 1031 430 1114 petiit
449 1030 691 1096 aPharnabazo
706 1033 744 1094 ut
762 1029 802 1094 ad
821 1029 961 1113 ephoros
980 1029 1043 1094 sibi
1062 1028 1153 1093 testi-

146 1119 291 1183 monium
315 1119 414 1203 daret,
438 1123 560 1203 quanta
583 1118 756 1182 sanctitate
779 1117 902 1181 bellum
925 1117 1081 1202 gessisset
1104 1137 1153 1180 so-

146 1207 277 1290 ciosque
310 1210 497 1290 tractasset,
511 1249 513 1254 -
529 1206 630 1288 daque
661 1226 699 1268 ea
730 1227 765 1268 re
798 1208 945 1269 accurate
979 1205 1152 1270 scriberet:

146 1315 298 1380 magnam
327 1294 413 1358 enim
443 1293 512 1358 eius
546 1291 774 1356 auctoritatem
806 1292 841 1354 in
869 1313 907 1355 aa
933 1313 968 1355 re
999 1291 1152 1356 futuram.

144 1382 221 1447 huic
244 1382 299 1446 ille
322 1381 501 1446 liberaliter
523 1380 710 1464 pollicetur:
732 1379 853 1442 librum
872 1379 1026 1464 grandem
1044 1378 1189 1442 verbisa

145 1470 257 1534 multis
281 1469 487 1552 conscripsit,
517 1468 551 1531 in
576 1467 693 1550 quibus
717 1466 852 1531 summis
876 1487 948 1530 eum
973 1465 1065 1530 effert
1087 1465 1154 1528 lau-

146 1558 249 1622 dibus.
278 1579 374 1640 quem
389 1578 462 1622 oum
476 1557 525 1620 ln'c
537 1555 673 1640 legisset
690 1555 934 1638 probassetqua,
953 1554 1029 1618 dum
1048 1553 1153 1637 signa·

146 1649 208 1729 tur,
232 1645 370 1710 alterum
388 1644 459 1728 pari
478 1642 700 1728 magnitudine
719 1647 748 1706 et
764 1645 858 1706 tanta
877 1641 1097 1725 similitudine,
1115 1643 1153 1705 ut

147 1732 283 1797 discerni
306 1753 372 1796 non
394 1735 515 1814 posset,
539 1731 703 1815 signatum
724 1728 871 1814 subiecit,
889 1730 924 1793 in
943 1751 1006 1813 quo
1026 1749 1153 1794 accura-

146 1819 273 1883 tissime
288 1819 357 1882 eius
369 1819 539 1882 avaritiam
548 1817 780 1901 perfidiamque
792 1820 967 1882 accusarat.
987 1815 1153 1900 Lysander
1172 1832 1188 1879 3

147 1907 278 1970 domum
302 1927 375 1969 cum
397 1905 549 1988 redisset,
577 1908 751 1988 postquam
779 1904 817 1968 de
841 1905 908 1969 suis
931 1905 1027 1968 rebus
1051 1903 1153 1990 gestis

147 1993 232 2077 apud
265 1992 441 2055 maximum
474 1991 703 2076 magistratum
731 2011 812 2073 quae
842 1992 989 2055 voluerat
1021 1991 1154 2072 dixerat,

147 2079 329 2145 testimonii
356 2079 428 2144 loco
458 2078 579 2142 librum
603 2099 622 2141 a
643 2076 852 2141 Pharnabazo
877 2078 989 2141 datum
1011 2077 1154 2140 tradidit.

146 2170 233 2234 hunc
256 2170 419 2232 summoto
438 2165 607 2250 Lysandro
630 2186 704 2244 cum
728 2163 840 2248 ephori
864 2167 1068 2250 cognossent,
1090 2163 1154 2246 ipsi

147 2256 318 2342 legendum
341 2254 506 2320 dederunt.
542 2253 590 2318 ita
612 2253 667 2317 ille
690 2252 876 2336 imprudens
900 2252 969 2336 ipse
992 2272 1069 2316 suus
1091 2250 1155 2315 fuit

148 2347 325 2410 accusator.

546 2483 757 2492 ———.——-—

448 2643 526 2715 VIl.
553 2640 847 2715 ALCIBIADES.

237 2781 431 2864 Alcibiades,
450 2778 574 2845 Cliniae
597 2779 692 2862 filius,
709 2777 927 2842 Atheniensis.
964 2779 999 2841 in
1020 2779 1083 2843 hoc
1101 2800 1155 2842 na·
1175 2780 1193 2842 1

148 2877 223 2937 tura
257 2869 334 2956 quid
367 2868 493 2933 efficere
531 2866 637 2950 possit
670 2865 797 2930 videtur
831 2868 971 2949 experta.
1026 2869 1155 2930 constat

149 2961 234 3025 enim
262 2959 348 3023 inter
376 2977 500 3040 omnes,
529 2954 584 3038 qui
612 2953 650 3018 de
674 2975 711 3018 eo
735 2953 909 3018 memoriae
936 2951 1155 3038 prodiderunt,

149 3048 231 3113 nihil
260 3047 317 3110 illo
344 3045 445 3110 fuisse
474 3042 683 3107 excellentius
711 3041 762 3107 vel
792 3041 827 3106 in
853 3041 942 3106 vitiis
965 3040 1016 3106 vel
1039 3040 1073 3105 in
1095 3042 1156 3107 vir·

150 3135 285 3200 tutibus.
323 3137 419 3198 natus
442 3132 475 3196 in
500 3129 701 3214 amplissima
724 3129 855 3194 civitate
879 3150 1005 3194 summo
1029 3145 1190 3216 generas

152 3223 294 3286 omnium
318 3219 435 3285 aetatis
460 3240 536 3284 suae
560 3217 664 3282 multo
687 3216 957 3302 formosissimuS,
985 3218 1087 3302 dives3
1115 3219 1155 3282 ad

151 3331 262 3374 omnes
281 3330 332 3374 res
351 3312 447 3393 aptus
467 3305 657 3389 consiliique
676 3305 790 3389 plenus
808 3303 959 3390 (namque
978 3306 1156 3389 imperator

150 3397 215 3462 fuit
238 3418 381 3462 summus
404 3399 438 3460 et
461 3394 542 3459 mari
566 3397 599 3458 et
622 3390 737 3479 terra),
760 3393 910 3477 disertus,
932 3397 970 3457 ut
988 3393 1155 3475 inprimis

151 3485 284 3551 fficcndo
317 3484 452 3567 valeret,
484 3481 569 3566 quod
600 3484 692 3545 tanta
722 3484 792 3546 erat
822 3479 1059 3546 commendatio
1090 3478 1156 3541 cris
