2596 3910
143 221 206 284 112
446 220 531 276 XXV.
550 221 715 277 ATTIGUS.
744 227 785 278 20.
806 228 848 278 21.

142 365 220 449 quin
242 363 355 430 Attico
379 365 548 450 scriberet,
577 365 654 449 quid
682 371 807 451 ageret,
835 367 984 451 inprimis
1008 367 1087 451 quid
1109 367 1155 430 le-

142 457 235 538 geret
258 453 439 536 quibusque
462 453 497 517 in
519 453 600 519 locis
624 457 658 518 et
676 455 831 538 quamdiu
850 459 937 520 esset
955 459 1155 540 moraturus,

107 557 122 606 a
143 541 199 606 sed
222 541 333 625 etiam,
356 561 429 605 cum
452 545 539 606 esset
556 541 592 605 in
609 541 688 606 urbe
707 546 741 606 et
759 546 893 626 propter
911 543 1056 607 infinitas
1077 565 1154 608 suas

143 629 370 713 occupationes
394 628 500 693 minus
524 650 628 713 saepe,
652 650 750 712 quam
768 631 875 715 vellet,
896 629 1009 696 Attico
1033 629 1155 695 fruere-

142 722 209 800 tur,
236 717 344 782 nullus
368 715 437 780 dies
460 720 581 782 temere
609 717 808 802 intercessit,
837 739 900 802 quo
923 740 991 783 non
1014 719 1155 784 adeum

143 805 308 889 scriberet,
332 825 405 869 cum
428 805 524 869 modo
549 804 672 888 aliquid
695 805 733 870 de
758 806 955 890 antiquitate
978 807 1019 871 ab
1044 827 1081 872 eo
1105 828 1154 871 re-

143 893 295 977 quireret,
318 893 415 956 modo
438 892 582 976 aliquam
605 893 831 976 quaestionem
849 895 1012 978 poeticam
1031 895 1061 960 ei
1079 915 1152 978 pro-

142 984 295 1064 poneret,
331 979 494 1044 interdum
529 981 640 1046 iocans
678 982 747 1046 eius
779 982 983 1047 verbosiores
1021 982 1154 1048 eliceret

107 1068 309 1151 aepistulas.
347 1088 385 1132 ex
409 1089 472 1152 quo
497 1069 624 1154 accidit,
647 1090 721 1134 cum
744 1070 832 1135 aedis
851 1069 939 1136 Iovis
958 1068 1099 1134 Feretrii
1118 1071 1153 1135 in

143 1155 321 1240 Capitolio,
348 1156 389 1220 ab
412 1155 553 1221 Romulo
576 1157 769 1242 constituta,
797 1161 961 1222 vetustate
985 1162 1083 1242 atque
1106 1158 1153 1222 in·

144 1244 234 1310 curia
256 1244 384 1309 detecta
406 1244 642 1330 prolaberetur,
664 1249 703 1310 ut
720 1244 825 1310 Attici
844 1246 1014 1311 admonitu
1032 1243 1153 1312 Caesar

107 1353 215 1403 seam
242 1332 449 1398 reficiendam
477 1337 612 1397 curaret.
657 1354 760 1417 neque
788 1356 864 1399 vero
893 1356 912 1398 a
940 1333 983 1397 M.
1007 1332 1152 1400 Antonio

143 1421 250 1486 minus
274 1421 391 1486 absens
419 1421 538 1485 litteris
562 1421 738 1506 colebatur,
762 1423 841 1488 adeo
863 1426 902 1486 ut
924 1426 1074 1487 accurate
1096 1422 1152 1486 ille

144 1531 183 1573 ex
204 1509 331 1573 ultimis
354 1508 461 1593 terris,
484 1508 561 1591 quid
585 1513 705 1594 ageret,
728 1530 823 1574 curae
846 1510 910 1576 sibi
932 1510 1069 1574 haberet
1087 1531 1151 1575 aar·

109 1597 263 1662 ctiorem
285 1595 391 1661 facere
414 1595 572 1660 Atticum.
611 1597 673 1661 hoc
697 1598 791 1680 quale
816 1598 869 1682 sit,
891 1597 1022 1663 facilius
1045 1598 1153 1662 existi·
1176 1613 1179 1618 '

143 1685 248 1748 mabit
270 1684 315 1767 is,
338 1684 395 1767 qui
417 1683 559 1747 iudicare
581 1684 717 1768 poterit,
741 1689 881 1768 quantae
906 1686 950 1750 sit
974 1686 1152 1770 sapientiae

144 1793 256 1837 eorum
287 1771 427 1836 retinere
458 1791 555 1835 usum
586 1771 920 1857 benivolentiamque,
951 1774 1039 1839 inter
1071 1794 1152 1858 quos

143 1861 358 1926 maximarum
394 1881 502 1925 rerum
536 1880 603 1924 non
638 1861 744 1925 solum
780 1861 974 1946 aemulatio,
1010 1861 1067 1927 sad
1099 1862 1153 1926 ob·

143 1949 297 2014 trectatio
325 1952 418 2014 tanta
445 1948 681 2033 intercedebat,
709 1953 865 2033 quantam
892 1949 956 2015 fuit
984 1949 1151 2031 [incidero]

143 2059 274 2104 necesse
296 2037 383 2102 inter
401 2035 574 2103 Gaesarem
592 2040 690 2120 atque
709 2036 899 2123 Antonium,
922 2059 996 2102 cum
1015 2058 1050 2102 se
1067 2041 1153 2103 uter·

144 2147 206 2209 que
229 2125 409 2210 principem
431 2147 498 2190 non
516 2125 621 2190 solum
639 2125 731 2191 urbis
749 2125 883 2211 Romae,
906 2125 963 2192 sad
982 2125 1071 2191 orbis
1090 2129 1153 2190 ter·
1264 2187 1267 2194 .

143 2236 254 2280 rarum
277 2235 347 2279 esse
371 2217 512 2298 cuperet.

91 2302 131 2368 21
171 2365 173 2370 ,
231 2301 304 2366 'lali
322 2302 419 2367 modo
439 2323 511 2366 cum
530 2305 655 2385 septem
674 2306 708 2367 et
721 2303 932 2388 septuaginta
946 2323 1048 2368 annos
1067 2322 1152 2366 com·

143 2392 266 2474 plesset
297 2393 396 2472 atque
429 2389 470 2454 ad
501 2393 679 2454 extremam
715 2391 916 2456 senectutem
947 2411 1013 2455 non
1044 2388 1151 2454 minus

144 2478 304 2562 dignitate
338 2497 435 2559 quam
467 2476 576 2561 gratia
606 2475 802 2562 fortunaque
833 2479 989 2545 crevisset
1017 2474 1151 2563 (multas

144 2565 231 2630 enim
257 2564 456 2629 hereditates
484 2563 574 2628 nulla
601 2564 722 2630 aliare
747 2587 844 2649 quarn
871 2567 1020 2632 bonitate
1044 2587 1151 2630 conse·

145 2657 239 2719 cutus
254 2650 318 2739 est)
338 2656 494 2736 tantaque
508 2653 727 2737 prosperitate
746 2675 824 2720 usus
843 2659 931 2720 esset
949 2653 1152 2738 valetudinis,

110 2759 126 2808 2
144 2746 182 2808 ut
205 2741 297 2808 annis
320 2742 458 2828 triginta
481 2740 640 2806 medicina
657 2763 723 2806 non
741 2741 945 2828 indiguisset,
967 2746 1083 2807 nactus
1102 2744 1153 2806 est

145 2832 303 2915 morbum,
327 2851 423 2914 quem
440 2829 536 2894 initio
555 2833 588 2893 et
606 2829 676 2913 ipse
695 2834 729 2894 et
742 2831 859 2896 medici
873 2833 1152 2914 contempserunt:

88 2954 106 2974 v
145 2942 220 2985 nam
243 2922 401 3004 putarunt
424 2939 494 2982 esse
517 2921 700 3002 tenesmon,
729 2918 781 2984 cui
804 2918 945 2984 remedia
968 2919 1085 2983 celeria
1108 2916 1152 2982 fa·

109 3008 283 3091 aciliaque
306 3007 579 3091 proponebantur.
616 3006 651 3070 in
672 3005 735 3072 hoc
757 3028 832 3073 cum
850 3011 916 3072 tres
935 3026 1063 3070 menses
1083 3005 1152 3070 sine

145 3096 221 3160 ullis
245 3095 422 3179 doloribus,
444 3098 673 3178 praeterquam
696 3115 779 3177 quos
802 3117 841 3160 ex
863 3093 1030 3160 curatione
1050 3093 1152 3177 capie-

145 3183 217 3266 bat,
245 3183 513 3267 consumpsisset,
543 3182 652 3247 subito
676 3185 770 3247 tanta
791 3183 840 3248 vis
864 3181 970 3247 morbi
993 3182 1152 3247 inimum

145 3269 337 3336 intestinum
359 3271 524 3354 prorupit,
546 3275 584 3335 ut
606 3274 750 3336 extremo
773 3275 919 3355 tempore
941 3291 1001 3354 per
1023 3269 1151 3336 lumbos

66 3393 84 3417 a
111 3377 128 3426 c
145 3358 274 3422 fistulae
296 3357 386 3440 puris
410 3358 583 3441 eruperint.
618 3362 716 3442 atque
733 3359 796 3424 hoc
813 3359 1005 3442 priusquam
1023 3359 1053 3423 ei
1073 3357 1151 3424 acci·

64 3483 68 3491 ·
147 3446 249 3530 deret,
278 3449 453 3529 postquam
475 3445 510 3508 in
532 3445 600 3509 dies
624 3445 752 3524 dolores
776 3467 957 3512 accrescere
981 3446 1151 3530 febresque

147 3533 320 3597 accessisse
353 3532 467 3614 sensit,
497 3530 679 3617 Agrippam
711 3552 865 3618 generum
897 3532 938 3598 ad
966 3554 1001 3599 se
1033 3531 1151 3599 arcessi
