2598 3906
122 183 166 244 40
502 175 529 232 Χ
555 177 651 235 DION.
682 185 705 234 6.
726 185 750 232 t.

122 323 244 389 talibus
267 321 474 406 pactionibus
497 344 610 406 pacem
633 326 790 407 tyrannus
813 322 919 390 facere
943 325 1054 390 vellet:
1084 324 1135 391 si-

123 412 232 479 ciliam
258 409 347 476 Dion
374 411 550 494 obtineret,
578 409 710 476 Italiam
732 411 924 498 Dionysius,
953 411 1134 497 Syracusas

122 500 360 586 Apollocrates,
374 499 426 564 oui
440 499 615 564 maximam
628 499 725 564 fidem
734 501 792 566 uni
805 501 956 567 habebat.
975 501 1135 567 Dionea*

87 589 108 654 6
210 587 323 654 Hast
308 591 377 652 tam
404 608 577 673 prosperas
594 590 737 740 tamque
765 589 950 674 inopinatas
915 611 1030 654 aeres
1058 613 1134 656 con-

123 682 234 744 secuta
200 680 308 743 test
331 675 441 741 subita
464 675 691 761 commutatio,
719 677 806 762 quod
828 677 895 742 fort
881 682 961 743 tuna
984 699 1042 744 sua
1065 701 1134 745 mo·

121 767 199 832 bilit
199 771 267 850 ate,
298 786 396 848 quem
426 764 524 848 paulo
557 767 632 828 ante
659 765 834 850 extulerat,
867 767 1052 853 demergere
1080 771 1134 832 est
1241 779 1246 788 '

87 855 245 921 redorta
280 853 424 937 primum
447 852 481 916 in
503 851 581 936 filio,
604 851 643 916 de
667 874 730 936 quo
750 855 1001 920 commemoravi
1024 877 1134 940 supra,

123 964 215 1008 suam
233 941 300 1005 ιιιιι
319 940 470 1005 exercuit.
502 961 579 1004 nam
594 962 667 1005 cum
685 962 819 1006 uxorem
838 943 1029 1028 reduxisset,
1049 964 1132 1044 quae

123 1030 179 1095 alii
205 1029 312 1094 fuerat
339 1028 442 1093 tradit
427 1031 475 1112 ta,
503 1028 671 1112 filiumque
698 1029 797 1094 vellet
824 1051 975 1096 revocare
1003 995 1043 1119 all
1070 1031 1133 1096 ιιι-

122 1119 227 1183 tutem
251 1139 270 1181 a
292 1117 420 1202 perdita
442 1117 584 1201 luxuria,
614 1118 739 1202 accepit
761 1119 992 1204 grauissimum
1014 1141 1132 1204 parens

87 1226 103 1274 a
121 1207 238 1273 vulnus
258 1210 364 1271 morte
382 1205 451 1270 filii.
481 1205 666 1271 deindet
614 1210 666 1271 ort
668 1228 687 1271 a
705 1207 864 1272 dissensio
884 1211 935 1272 est
953 1208 1040 1273 inter
1059 1230 1133 1273 eum

123 1301 156 1361 et
178 1295 397 1380 Heraclidem,
426 1295 495 1379 qui,
523 1294 609 1378 quod
632 1295 662 1359 ei
689 1295 910 1380 principatum
931 1317 998 1360 non
1021 1317 1133 1362 conce·

123 1385 229 1470 debat,
251 1383 428 1449 factionem
448 1383 657 1467 comparavit
693 1404 798 1466 neque
816 1383 845 1446 is
869 1383 976 1446 minus
999 1384 1134 1448 valebat

123 1473 208 1557 apud
227 1473 411 1556 optimates,
430 1493 568 1554 quorum
587 1490 746 1534 consensu
763 1473 912 1553 praeerat
931 1469 1038 1553 classi,
1057 1492 1134 1536 cum

87 1560 210 1624 4Dion
242 1560 419 1623 exercitum
454 1557 638 1641 pedestrem
671 1561 805 1620 t.eneret
859 1577 926 1622 non
957 1521 1038 1622 tulii
1068 1559 1133 1625 hoc

123 1648 231 1712 animo
255 1667 357 1730 aequo
381 1644 481 1728 Dion,
509 1648 543 1708 et
568 1665 698 1708 versum
724 1644 819 1710 illum
841 1643 978 1710 Homeri
1001 1650 1053 1711 ret
1038 1647 1134 1712 ttulit

123 1757 162 1800 ex
185 1733 325 1798 secunda
348 1731 531 1816 rhapsodia‚
554 1731 589 1796 in
612 1753 675 1816 quo
698 1732 779 1798 haec
798 1734 961 1798 sententia
979 1739 1043 1800 est:
1066 1757 1134 1801 non

121 1843 217 1906 posse
249 1821 331 1884 bene
363 1820 434 1906 geri
465 1841 534 1884 rem
570 1820 735 1904 publicam
767 1822 946 1887 multorum
977 1823 1133 1907 imperiis.

123 1909 209 1994 quod
241 1908 365 1974 dictum
392 1928 512 1994 magna
543 1908 665 1974 invidia
695 1914 869 1975 consecuta
896 1915 960 1975 est:
991 1932 1134 1996 namque

123 1998 288 2083 aperuisse
311 1997 482 2062 videbatur
505 1997 614 2062 omnia
636 1997 671 2062 in
691 2019 750 2062 sua
767 2003 933 2083 potestate
952 2020 1022 2064 esse
1041 2000 1132 2064 velle.

88 2087 206 2152 thano
233 2086 288 2150 ille
315 2107 383 2151 non
409 2085 511 2150 lenire
539 2086 710 2170 obsequio,
740 2087 796 2151 sed
824 2087 1003 2152 acerbitate
1027 2088 1133 2172 oppri-

122 2197 210 2240 mere
229 2174 364 2258 studuit,
387 2173 664 2258 Heraclidemque,
688 2196 762 2239 cum
782 2172 959 2258 Syracusas
979 2176 1133 2260 venisset,

122 2263 387 2329 interficiundum
410 2263 546 2326 curavit.

89 2353 107 2417 7
213 2351 306 2427 Quod
323 2350 448 2416 factum
467 2351 617 2414 omnibus
636 2351 813 2416 maximum
831 2351 984 2415 timorem
1002 2351 1133 2416 iniecit:

122 2462 218 2505 nemo
233 2439 320 2503 enim
333 2439 391 2503 illo
406 2437 578 2503 interfecto
593 2460 628 2503 se
643 2443 752 2504 tutum
770 2439 917 2523 putabat.
950 2439 1007 2504 ille
1022 2443 1133 2504 autem

124 2528 307 2593 adversario
330 2531 457 2592 remoto
480 2527 631 2592 licentius
655 2549 767 2592 eorum
789 2528 884 2610 bona,
908 2549 989 2610 quos
1011 2527 1134 2594 sciebat

89 2617 277 2682 aadversus
301 2637 334 2680 se
358 2616 507 2700 sensisse,
530 2615 690 2680 militibus
714 2615 838 2700 dispert
824 2615 908 2680 ιιιιι.
948 2617 1066 2700 quibus
1090 2616 1135 2680 di·

123 2705 202 2770 visis
223 2725 296 2768 curn
315 2704 485 2769 cottidiani
508 2704 641 2768 maximi
664 2704 779 2768 fierent
802 2708 962 2788 sumptus,
986 2703 1134 2769 celeriter

123 2792 261 2877 pecunia
284 2792 394 2857 deesse
407 2793 539 2894 coepit,
565 2813 683 2876 neque,
711 2813 775 2875 quo
799 2814 914 2857 manus
942 2793 1135 2877 porrigeret,

125 2881 321 2966 suppetebat
352 2881 416 2944 nisi
449 2881 483 2944 ιιι
516 2880 693 2945 amicorum
725 2881 957 2963 possessiones.
1001 2879 1035 2943 id
1065 2879 1134 2942 eius

124 2970 212 3032 modi
240 2972 324 3052 erat,
354 2973 405 3051 ut,
433 2989 507 3032 cum
535 2967 621 3031 milit
607 2971 657 3034 tes
685 2969 941 3052 reconciliasset,
968 2967 1135 3031 amitteret

90 3073 105 3121 a
126 3056 311 3139 optimates.
349 3078 486 3140 quarum
509 3075 618 3119 rerum
642 3077 719 3120 cura
737 3057 878 3141 angebat
880 3079 918 3121 ur
933 3019 970 3120 'et
988 3056 1135 3120 insuetus

125 3143 210 3208 male
234 3143 383 3207 audiendi
406 3165 473 3209 non
495 3143 604 3207 animo
629 3165 731 3227 aequo
755 3143 891 3228 ferebat,
914 3144 952 3208 de
976 3165 1011 3208 se
1034 3143 1135 3208 abiis

124 3231 209 3296 male
233 3230 423 3314 existimari,
447 3252 584 3314 quorum
607 3232 705 3315 paulo
730 3235 805 3296 ante
828 3233 863 3296 in
886 3233 1012 3297 caelum
1030 3231 1137 3296 fuerat

124 3321 229 3384 elatus
253 3317 412 3382 laudibus.
444 3319 561 3404 vulgus
581 3323 691 3384 autem
710 3318 833 3384 offensa
851 3320 886 3384 in
900 3341 974 3384 eum
993 3320 1137 3384 militum

123 3409 292 3473 voluntate
316 3406 451 3470 liberius
475 3406 671 3489 loquebatur
692 3411 725 3471 et
748 3411 924 3490 tyrannum
947 3430 1014 3472 non
1036 3407 1137 3472 fercn-

125 3495 201 3560 dum
225 3494 409 3560 dictitabat.

22 3794 158 3854 A
