2598 3906
462 233 522 288 VII.
541 233 764 290 ALCIBIADES.
794 242 835 289 11.
1117 236 1157 300 31

153 399 203 460 ee,
227 399 309 461 quae
332 398 430 462 supra
453 378 658 461 scripsimus,
688 379 726 442 de
750 401 788 443 eo
811 379 1038 462 praedicarunt
1061 384 1159 464 atque

151 464 214 530 hoc
246 465 399 549 amplius:
433 487 506 530 cum
539 464 692 550 Athenis,
724 467 986 550 splendidissima
1019 468 1159 552 civitate,

151 557 248 618 natus
277 557 377 638 esset,
408 574 519 618 omnes
548 554 718 638 splendore
746 577 783 620 ac
807 555 965 641 dignitate
990 576 1159 640 superasse

151 642 251 725 vitae3
280 645 456 725 postquam
483 641 557 706 inde
585 643 738 726 expulsus
761 642 890 708 Thebas
913 644 1051 728 venerit,
1080 643 1193 709 adeos

152 729 268 794 studiis
297 751 410 795 eorum
436 729 623 815 inservisse,
654 735 692 795 ut
723 751 818 795 nemo
849 753 923 795 eum
952 732 1063 796 labore
1092 753 1159 797 cor-

26 877 31 886 .
150 817 303 919 purisque
317 817 442 882 viribus
456 823 569 902 posset
583 781 791 920 aequiperare
804 817 939 921 (omnes
946 820 1033 884 enim
1041 819 1159 884 Boeoti

152 906 256 992 magis
271 906 373 970 firmit
358 906 422 970 tati
436 907 581 990 corporis
592 929 690 990 quam
703 907 826 993 ingenii
836 909 976 973 acumim
967 906 1160 994 'serrirml);

124 991 145 1038 s
152 993 289 1058 eundem
307 994 392 1079 apud
410 992 692 1080 Lacedaemonios,
711 1017 849 1079 quorum
868 996 1014 1060 moribus
1033 1010 1195 1061 summas
1278 1021 1281 1025 ·

151 1081 288 1145 virtus
279 1104 314 1146 m
336 1104 378 1166 pe
378 1082 495 1147 tientie
517 1085 713 1166 ponebatur,
660 1084 783 1148 ursio
806 1084 903 1148 durit'
879 1088 944 1148 trae
968 1106 1002 1148 se
1026 1084 1160 1167 dedisse,

152 1172 191 1232 ut
212 1169 464 1251 parsimoniam
433 1170 538 1234 victus
562 1175 659 1252 atque
683 1135 751 1236 oblt
751 1193 789 1235 us
814 1193 925 1236 ornnes
948 1171 1160 1236 Lacedaemo-

152 1257 225 1322 nios
248 1257 405 1342 vinceret,
396 1192 527 1321 lbricsse
550 1259 635 1340 apud
654 1257 824 1342 Thraecas,
847 1260 995 1323 homines
1018 1260 1160 1323 vinolen-

153 1349 205 1408 tos
225 1345 385 1428 rebusque
404 1345 541 1409 veneriis
561 1345 649 1409 dedit
635 1349 701 1410 tos:
719 1346 780 1410 hos
796 1367 924 1429 quoque
943 1347 978 1411 in
995 1347 1047 1409 his
1063 1346 1159 1410 rebus

21 1439 25 1448 “
153 1433 379 1516 antecessisse3
402 1433 528 1497 venisse
542 1433 583 1497 ad
597 1432 723 1518 Persas,
742 1434 827 1517 apud
846 1455 927 1518 quos
947 1455 1074 1498 summa
1088 1435 1159 1498 laus
1178 1449 1194 1497 e

152 1525 239 1585 esset
261 1521 392 1586 fortiter
414 1521 534 1605 venari,
556 1521 721 1587 luxuriose
744 1521 866 1586 vivere:
889 1521 1006 1586 horum
1025 1523 1072 1586 sic
1090 1522 1160 1586 imi·

152 1613 259 1673 tatum
282 1609 556 1694 consuetudinem,
578 1615 617 1674 ut
639 1611 689 1674 illi
712 1610 775 1694 ipsi
799 1632 873 1676 eum
896 1610 931 1675 in
948 1611 1000 1675 his
1020 1610 1160 1675 maxime

140 1693 397 1762 'admirarentur
444 1697 561 1780 quibus
585 1699 681 1762 rebus
706 1697 850 1764 effecisse
877 1702 928 1783 ut,
957 1699 1042 1782 apud
1066 1714 1194 1782 quos-e

153 1806 289 1868 cumque
304 1789 398 1868 esset,
416 1786 566 1869 princeps
584 1791 760 1869 poneretur
780 1787 1018 1870 habereturque
1034 1786 1159 1852 carissi·

153 1893 233 1936 mus.
280 1873 335 1936 sed
358 1872 437 1936 setis
462 1873 500 1936 de
522 1873 598 1938 hoc:
622 1875 764 1957 reliquos
789 1875 960 1939 ordiamur.

462 2173 557 2245 VIII.
593 2171 948 2245 THRASYBULUS.

240 2310 477 2396 Thrasybulus,
500 2310 580 2395 Lyci
603 2311 705 2395 filius,
728 2311 947 2376 Atheniensis.
994 2311 1022 2375 si
1045 2333 1102 2396 per
1126 2315 1196 2377 sel

152 2399 256 2462 virtus
285 2399 354 2464 sine
381 2400 514 2464 fortuna
540 2399 748 2484 ponderanda
776 2403 839 2483 est,
869 2399 982 2464 dubito
1006 2422 1047 2465 an
1074 2400 1160 2465 himo

152 2487 293 2570 primum
317 2490 463 2552 omnium
485 2509 612 2572 ponam.
658 2488 739 2552 illud
763 2489 832 2552 sine
855 2487 967 2552 dubio:
997 2488 1160 2554 nemiuem

152 2573 228 2638 huic
249 2575 396 2657 praefero
421 2576 496 2659 lide,
520 2577 718 2660 constantia,
742 2576 964 2662 magnitudine
988 2578 1103 2660 ammi,
1126 2599 1160 2641 m

152 2663 294 2746 patriam
318 2684 436 2727 amore.
476 2685 552 2727 nem
576 2665 662 2746 quod
685 2664 781 2727 multi
804 2665 977 2728 voluerunt
1000 2665 1160 2748 paucique
1179 2680 1195 2728 a

152 2753 338 2834 potuerunt,
362 2751 402 2814 ab
421 2772 485 2814 uno
504 2755 643 2834 tyranno
662 2752 803 2834 patriam
821 2751 969 2834 liberere,
992 2752 1068 2816 huic
1088 2774 1159 2817 con·

152 2839 230 2924 tigit
253 2841 291 2902 ut
313 2860 333 2902 a
356 2838 494 2923 triginta
517 2859 705 2922 oppressam
729 2838 875 2922 tyrannis
900 2859 917 2900 e
941 2839 1098 2902 servitute
1126 2841 1160 2903 in

62 2937 65 2944 '
152 2927 339 2991 libertatem
357 2926 544 2990 vindicaret.
577 2926 633 2990 sed
651 2925 760 2990 nescio
780 2947 844 3009 quo
864 2925 970 3008 modo,
993 2947 1067 2989 cum
1086 2947 1160 2990 eum
1179 2945 1194 2991 3

152 3037 246 3079 nemo
275 3015 415 3080 anteiret
441 3015 492 3079 his
521 3014 712 3098 virtutibus,
745 3014 841 3078 multi
867 3013 1041 3078 nobilitate
1071 3036 1160 3099 prae·

154 3107 371 3167 cucurrerunt.
417 3103 560 3186 primum
588 3101 823 3186 Peloponnesio
856 3102 943 3166 bello
972 3103 1076 3168 multu
1106 3103 1160 3170 hic

154 3190 222 3254 sine
241 3190 409 3256 Alcibiade
433 3190 546 3275 gessit,
568 3189 624 3253 ille
646 3190 771 3254 nullam
794 3211 862 3253 rem
887 3190 955 3255 sine
978 3190 1054 3256 hoc:
1078 3214 1159 3276 quae

153 3277 208 3341 ille
234 3279 384 3344 universe
412 3277 554 3344 naturali
582 3278 721 3360 quodam
748 3280 834 3342 bono
863 3277 941 3343 fecit
968 3279 1057 3344 lucri.
1104 3279 1195 3345 sedo

153 3365 211 3429 illa
234 3369 343 3430 tamen
367 3367 475 3431 omnia
499 3367 682 3431 communia
707 3367 958 3450 imperatoribus
982 3389 1055 3432 cum
1079 3368 1160 3430 mili·

155 3453 242 3518 tibus
267 3458 300 3517 et
323 3453 462 3538 fortuna,
486 3454 572 3538 qnod
595 3455 629 3518 in
652 3455 767 3538 proelii
791 3475 949 3520 concursu
973 3455 1042 3517 abit
1068 3475 1116 3514 res
1141 3475 1159 3514 a

153 3542 289 3608 consilio
314 3540 353 3605 ad
376 3542 583 3606 visceream
602 3542 820 3626 virtutemque
843 3541 1067 3626 pugnantium.
1101 3539 1159 3601 ita-
