2598 3906
117 155 136 218 8
393 153 429 206 11.
453 150 731 208 runnrsroouns.
760 159 783 206 1.
803 159 828 208 a.

82 313 98 362 3
118 318 200 382 quae
219 296 417 362 contumelia
433 317 501 360 non
518 295 619 381 fregit
637 317 720 379 eum,
739 296 795 361 sed
814 297 924 361 erexit.
956 317 1033 360 nam
1052 317 1125 361 curn

116 385 293 450 iudicasset
320 383 390 449 sine
418 405 545 450 summa
571 384 733 450 industria
758 405 825 449 non
851 405 948 468 posse
976 405 1047 448 earn
1075 407 1126 450 ex·

118 473 251 558 stingui,
265 475 374 538 totum
388 493 423 538 se
438 471 560 536 dedidit
573 472 622 538 rei
635 472 793 557 publicae,
807 472 996 558 diligentius
1012 473 1125 538 amicis

116 560 286 646 famaeque
305 560 457 625 serviens.
493 559 634 624 multum
651 561 687 626 in
709 560 838 626 iudiciis
859 560 997 644 privetis
1019 581 1126 626 versa·

117 649 230 734 batur,
254 669 349 732 saepe
371 648 408 714 in
429 647 615 713 contionem
636 648 750 732 populi
772 649 938 733 prodibat3
960 649 1051 712 nulla
1073 669 1126 714 res

118 737 223 802 maior
250 736 319 802 sine
347 757 385 800 eo
412 735 601 822 gerebatur,
633 736 781 800 celeriter
810 757 892 820 quae
923 757 1005 820 opus
1033 739 1126 800 erant

83 823 314 910 ereperiebat,
345 821 442 889 facilc
473 823 586 887 eadem
615 823 761 888 oratione
792 824 989 908 explicabat,
1020 845 1126 907 neque

119 911 226 977 minus
248 911 284 976 in
305 910 403 976 rebus
425 911 575 998 gerendis
595 915 767 996 promptus
787 931 888 996 quam·
903 911 1126 998 excogitandis

119 1003 199 1084 erat,
222 998 308 1083 quod
328 999 418 1064 etde
439 999 649 1082 incientibus,
671 1003 709 1064 ut
728 999 775 1063 ait
792 998 1006 1084 Thucydides,
1028 999 1127 1064 veris·

120 1088 200 1152 sime
227 1086 394 1152 iudicabat
420 1090 454 1152 et
480 1087 520 1152 de
546 1086 668 1152 futuris
697 1087 907 1152 callidissime
935 1087 1126 1153 coniciebat.

120 1197 191 1260 quo¹
207 1174 331 1240 factum
354 1178 406 1240 est
426 1177 466 1240 ut
487 1175 580 1240 brevi
601 1179 748 1260 tempore
770 1175 1001 1240 illustraretur.

80 1263 101 1327 2
208 1262 338 1329 Primus
361 1267 473 1328 autem
494 1263 613 1350 gradus
635 1263 700 1328 tuit
723 1265 938 1348 capessendae
956 1264 1004 1328 rei
1021 1262 1128 1347 publi·

120 1373 176 1417 cae
207 1351 295 1416 bello
324 1349 519 1436 Corcyraeo:
555 1352 595 1416 ad
625 1352 711 1435 quod
743 1353 919 1436 gerendum
947 1355 1080 1437 praeter
1107 1370 1128 1414 a

119 1440 240 1523 populo
263 1437 371 1505 taetris
397 1461 464 1505 non
491 1439 598 1504 selum
623 1439 788 1522 praesenti
814 1439 915 1524 bello,
943 1439 1000 1505 sed
1026 1439 1127 1504 etiam

86 1527 246 1610 areliqno
274 1530 422 1610 tempore
449 1526 641 1590 ferociorem
667 1526 807 1590 reddidit
830 1527 1005 1592 civitatem.
1050 1547 1127 1591 nam

121 1635 195 1678 cum
221 1613 358 1697 pecunia
385 1613 529 1697 publica,
558 1634 639 1696 quae
667 1634 707 1677 ex
733 1615 875 1679 metallis
898 1614 1039 1698 redibat,
1066 1613 1128 1679 lar·

121 1701 245 1787 gitiene
259 1701 512 1786 magistratuum
525 1701 702 1784 quotannis
717 1701 876 1785 interiret,
893 1701 950 1766 ille
963 1701 1129 1785 persuasit

120 1789 242 1873 popule
265 1791 304 1852 ut
326 1809 364 1852 ea
385 1788 526 1872 pecunia
546 1789 660 1854 classis
684 1781 814 1854 eentum
831 1789 963 1854 narium
982 1786 1128 1853 aedifica-

87 1891 102 1939 s
121 1880 220 1940 retur.
252 1896 317 1960 qua
335 1875 484 1942 celeriter
502 1875 616 1942 effecta
637 1877 780 1961 primum
798 1875 996 1962 Corcyraeos
1019 1875 1128 1962 fregit,

121 1964 235 2032 deinde
258 1964 441 2031 maritimos
468 1964 647 2048 praedones
670 1965 884 2031 consectando
907 1986 996 2030 mare
1018 1968 1129 2029 tutum

122 2052 269 2120 reddidit.
304 2053 339 2118 in
357 2074 515 2138 quocum
532 2053 654 2118 divitiis
674 2053 811 2138 ornarit,
834 2054 1024 2118 tumetium
1046 2052 1129 2136 peri·

86 2155 103 2202 4
121 2142 268 2208 tissimos
279 2141 359 2206 belli
368 2141 497 2210 naualis
506 2141 585 2206 fecit
593 2140 818 2207 Athenienses.
836 2141 870 2204 id
880 2144 1019 2223 quantae
1029 2139 1129 2204 saluti

121 2229 222 2296 fuerit
244 2229 413 2294 universae
432 2227 595 2310 Graeciae,
618 2229 704 2293 bello
728 2228 897 2312 cognitum
919 2229 970 2291 est
987 2225 1128 2291 Persico.

121 2337 199 2382 nam
217 2335 291 2380 cum
308 2313 432 2380 Xerxes
450 2317 485 2378 et
502 2314 586 2378 mari
603 2317 637 2378 et
655 2317 744 2378 terra
760 2314 883 2378 bellum
895 2313 1064 2379 universae
1081 2314 1129 2378 in·

122 2404 224 2468 ferret
241 2401 401 2486 Europae,
420 2422 495 2467 eum
516 2401 618 2466 tantis
638 2401 740 2485 copiis
757 2402 966 2486 eandmund,
989 2405 1128 2486 quantas

89 2506 104 2553 o
122 2498 228 2575 neque
251 2493 327 2554 ante
348 2509 408 2554 nec
430 2492 546 2574 postea
567 2488 683 2553 habuit
706 2489 891 2573 quisquam:
921 2488 1019 2554 huius
1042 2489 1129 2554 enim

124 2578 238 2644 elassis
268 2576 357 2641 mille
387 2580 421 2641 et
452 2576 663 2642 ducentarum
691 2577 824 2640 navium
854 2577 1027 2663 longarum
1056 2576 1130 2661 fuit,

125 2669 226 2751 quam
249 2665 313 2730 duo
340 2660 432 2729 milia
458 2663 679 2730 onerariarum
706 2665 937 2750 sequebantur,
964 2665 1129 2731 terrestris

125 2757 236 2820 autem
249 2752 410 2819 exercitus
425 2753 632 2840 septingenta
646 2753 802 2838 peditum,
818 2754 966 2837 equitum
982 2754 1130 2837 quadrin-

91 2859 106 2906 e
148 2846 225 2908 enta
245 2841 338 2908 milia
359 2841 500 2908 fuerunt.
549 2841 640 2907 euius
664 2841 702 2905 de
725 2841 866 2906 adventu
889 2862 963 2905 curn
984 2839 1072 2904 fama
1096 2841 1131 2904 in

126 2865 297 2998 draeciam
324 2933 411 2998 esset
438 2928 565 3013 perlata
592 2932 626 2993 et
652 2928 791 2993 maxime
818 2926 1035 2992 Athenienses
1061 2928 1131 3011 peti

126 3019 310 3087 dicerentur
340 3021 476 3102 propter
506 3037 653 3102 pugnam
681 3014 940 3098 Marathoniam,
972 3014 1132 3079 miserunt

126 3104 273 3189 Delphos
301 3106 503 3190 consultum,
529 3103 685 3189 quidnam
705 3102 850 3170 facerent
872 3101 1031 3168 derebus
1055 3103 1131 3167 suis.

128 3192 382 3258 deliberantibus
405 3192 527 3278 Pythia
547 3191 728 3276 respondit,
756 3194 795 3256 ut
822 3190 991 3256 moenibus
1013 3191 1132 3278 ligneis

93 3299 164 3347 use
186 3280 360 3346 munirent.
404 3281 439 3345 id
465 3301 656 3365 responsum
680 3301 744 3364 quo
767 3279 890 3346 valeret
913 3301 987 3346 cum
1008 3279 1133 3345 intelle·

128 3373 221 3522 geret
251 3389 367 3454 nemo,
396 3367 632 3434 Themistocles
663 3368 828 3452 persuasit
860 3368 1031 3434 consilium
1063 3389 1133 3434 esse

159 3458 301 3542 pollinis,
319 3456 411 3522 utin
427 3478 527 3522 naves
546 3478 580 3522 se
599 3477 721 3540 suaque
739 3457 936 3524 conferrent:
959 3479 1034 3523 enm
1047 3455 1133 3520 enim
