2596 3910
173 209 215 274 62
463 210 522 265 XV.
542 207 812 270 EPAMINONDAS.
842 216 883 266 10.

137 371 153 418 3
173 357 347 438 superstes,
371 354 427 418 sed
450 354 550 418 etiam
573 355 768 420 immortalis
792 355 836 419 sit
858 376 987 420 necesse
1012 353 1083 419 est?
1119 377 1188 439 quo

171 447 317 526 tempore
346 441 424 507 duce
448 441 606 527 Pelopida
633 443 742 508 exules
765 442 892 508 Thebas
921 447 1123 527 occuparunt
1150 449 1187 508 et

170 530 365 614 praesidium
382 529 711 594 Lacedaemoniorum
726 553 765 595 ex
786 553 858 596 arce
877 531 1079 616 expulerunt,
1098 531 1186 615 Epa-

171 618 351 702 minondas,
375 619 528 701 quamdiu
551 617 639 682 faeta
661 623 712 682 est
736 619 848 684 caedes
873 619 1001 703 civium,
1026 619 1123 684 domo
1148 643 1185 684 se

171 707 291 791 tenuit,
323 705 410 789 quod
441 727 545 790 neque
578 704 747 771 defendere
780 707 884 772 malos
916 707 1045 772 volebat
1076 730 1184 792 neque

171 796 376 880 impugnare,
407 815 448 857 ne
478 815 593 858 manns
626 815 759 859 suorum
791 796 949 881 sanguine
983 800 1184 860 cruentaret:

169 904 308 965 namque
333 902 461 946 omnem
485 881 613 946 civilem
640 883 812 948 victoriam
840 883 1005 949 funestam
1033 885 1184 967 putabat.

169 969 268 1052 idem,
294 972 471 1052 postquam
499 971 585 1053 apud
612 967 787 1036 Cadmeam
815 992 889 1035 cum
917 970 1183 1038 Lacedaemoniis

168 1057 308 1142 pugnari
331 1061 482 1141 coeptum
506 1061 565 1146 est,
587 1059 622 1122 in
645 1059 760 1142 primis
784 1059 886 1124 stetit.

134 1159 151 1207 4
257 1144 363 1209 Huius
387 1144 426 1209 de
449 1145 627 1212 virtutibus
650 1147 782 1231 vitaque
806 1149 887 1212 satis
911 1148 974 1212 erit
997 1149 1128 1232 dietum,
1153 1151 1182 1214 si

168 1233 231 1298 hoe
254 1255 356 1298 unum
379 1234 564 1319 adiunxero,
587 1235 674 1318 quod
696 1257 791 1300 nemo
814 1235 878 1300 ibit
895 1235 1028 1320 infitias,
1050 1237 1181 1302 Thebas

169 1325 204 1386 et
227 1326 302 1386 ante
325 1321 587 1406 Epaminondam
608 1327 724 1389 natum
747 1328 879 1408 etpost
903 1325 1047 1390 eiusdem
1069 1326 1181 1390 interi-

37 1490 40 1496 ,
169 1414 241 1474 tum
254 1415 411 1494 perpetuo
427 1411 532 1476 alieno
546 1413 693 1496 paruisse
712 1411 858 1496 imperio,
875 1416 990 1476 contra
1003 1435 1050 1496 ea,
1071 1435 1181 1497 quam-

170 1498 225 1562 diu
251 1498 307 1562 ille
333 1498 512 1580 praefuerit
538 1499 586 1562 rei
612 1500 777 1582 publicae,
809 1502 906 1581 caput
938 1498 1040 1564 fuisse
1074 1499 1189 1568 totius

170 1584 332 1651 Graeciae.
379 1607 418 1649 ex
450 1608 514 1668 quo
546 1586 694 1670 intellegi
725 1589 837 1668 potest
873 1608 975 1650 unum
1011 1588 1181 1654 hominem

167 1672 270 1754 pluris
294 1693 391 1754 quam
415 1673 581 1736 civitatem
604 1671 713 1737 fuisse.

477 1973 571 2046 XVI.
599 1975 872 2049 PELOPIDAS.

135 2113 153 2174 l
257 2111 429 2195 Pelopidas
444 2111 626 2196 ThebanuS,
649 2114 754 2198 magis
773 2114 940 2179 historicis
960 2137 1058 2198 quam
1078 2117 1178 2202 vulgo

168 2204 275 2266 notus.
321 2200 411 2264 cuius
438 2200 478 2276 de
506 2201 683 2266 virtutibus
711 2201 825 2266 dubito
854 2223 950 2284 quem
978 2204 1179 2270 admodum
1286 2227 1287 2290 j

169 2310 341 2372 exponam,
368 2289 455 2370 quod
477 2309 602 2372 vereor,
631 2290 659 2353 si
683 2311 734 2353 res
758 2290 918 2372 explicare
941 2290 1109 2374 incipiam,
1137 2315 1178 2358 ne
1286 2335 1287 2344 κ

167 2397 234 2440 non
247 2376 350 2440 vitam
364 2377 433 2440 eius
453 2398 612 2460 enarrare,
635 2377 690 2440 sed
708 2377 882 2440 historiam
896 2377 1006 2441 videar
1026 2379 1178 2466 scribere,
1286 2439 1287 2442 ,

169 2463 220 2527 sin
248 2463 474 2528 tantummodo
502 2485 645 2528 summas
674 2465 829 2550 attigero,
856 2487 896 2528 ne
920 2465 1055 2531 rudibus
1081 2465 1178 2533 Grae·

168 2573 278 2616 carum
309 2550 496 2615 litterarum
525 2553 632 2617 minus
665 2552 803 2617 dilucide
834 2558 1003 2638 appareat,
1036 2561 1176 2639 quantus

167 2639 267 2703 fuerit
289 2637 344 2702 illc
368 2639 425 2704 vir.
459 2641 570 2724 itaque
593 2641 724 2724 utrique
748 2641 795 2706 rei
819 2663 996 2728 occurram,
1020 2649 1177 2727 quantum

168 2731 319 2812 potuero,
352 2732 385 2792 et
413 2729 566 2793 medebor
594 2751 667 2794 cum
695 2730 840 2794 satietati
871 2734 942 2794 tum
974 2731 1176 2816 ignorantiae
1286 2729 1287 2752 ¹

170 2817 339 2882 lectorum.
618 2813 619 2819 '

134 2919 150 2967 a
258 2904 440 2969 Phoebidas
468 2903 742 2971 Lacedaemonius
775 2929 849 2971 cum
877 2909 1054 2973 exercitum
1081 2907 1177 2992 Olyn-

169 2993 264 3058 thum
287 2993 418 3058 duceret
440 2993 566 3078 iterque
589 3016 647 3077 per
670 2994 797 3058 Thebas
825 2994 961 3080 faceret,
989 3017 1095 3060 arcem
1123 3018 1177 3082 op-

169 3081 255 3164 pidi,
293 3103 374 3164 quae
411 3079 551 3146 Cadmea
587 3083 792 3166 nominatur,
828 3085 1000 3168 occuparit
1034 3084 1177 3170 impulsu

169 3189 347 3252 paucorum
370 3169 613 3253 Thebanorum,
641 3171 696 3254 qui
725 3171 926 3236 adversariae
954 3172 1090 3238 factioni
1114 3197 1176 3259 quo

169 3255 297 3320 facilius
321 3258 526 3342 resisterent,
553 3257 719 3323 Laconum
736 3261 839 3324 rebus
864 3261 1052 3344 studebant,
1081 3261 1176 3346 idque

135 3361 151 3408 3
171 3366 229 3410 suo
248 3346 386 3429 privato,
407 3368 474 3411 non
492 3347 623 3430 publico
641 3347 720 3411 fecit
739 3348 883 3412 consilio.
919 3369 982 3431 quo
1002 3347 1090 3414 facto
1105 3372 1176 3414 eum
1286 3349 1287 3382 ³

171 3431 416 3499 Lacedaemonii
436 3436 477 3498 ab
497 3435 641 3500 exercitu
659 3439 866 3500 removerunt
884 3435 1084 3519 pecuniaque
1099 3438 1176 3500 mul·
1286 3455 1287 3464 ¹

172 3527 297 3608 tarunt,
325 3544 428 3605 neque
452 3545 490 3587 eo
514 3524 618 3608 magis
642 3545 749 3586 arcem
772 3523 935 3586 Thebanis
963 3523 1177 3604 reddiderunt,

441 3849 536 3876 h.
