2598 3906
165 220 208 282 46
510 219 570 274 IIII.
591 218 778 272 CHABRIAS.
805 225 830 272 4.

127 447 129 452 Ι
166 363 363 428 auctoritate
386 363 544 448 anteibat,
566 383 705 446 eumque
728 362 833 447 magis
856 361 979 426 milites
1003 383 1102 444 quam
1122 362 1180 445 qui

130 455 338 533 apraeerant
366 451 595 536 suspiciebant.
646 471 728 534 quaa
755 471 807 514 res
835 450 865 514 ei
893 450 1071 514 maturavIt
1093 472 1179 514 mor-

166 542 241 603 tern
280 561 357 604 nam
380 539 457 603 (lum
478 540 604 623 primus
627 539 738 604 studet
759 542 892 622 portum
915 539 1038 603 intrare
1061 538 1178 623 guber·

164 631 377 710 natoremque
405 628 497 692 iubet
520 649 558 692 co
586 627 732 711 derigere
757 647 887 711 navem,
917 627 987 710 ipse
1015 627 1079 692 sibi
1105 648 1178 710 per·

164 715 261 780 nicici
279 715 356 780 fuit:
380 736 453 780 cum
473 715 559 782 enim
577 737 615 781 eo
633 718 847 800 penetrasset,
870 719 997 780 ceterae
1014 737 1080 781 non
1098 719 1178 780 sunt

165 807 304 868 secutae.
337 825 400 886 quo
419 803 508 869 facto
528 803 741 869 circumfusus
760 802 906 869 hostium
925 825 1082 869 concursu
1101 825 1177 868 cum

164 890 343 956 fortissime
357 895 528 977 pugnaret,
540 893 633 957 navis
647 895 755 957 rostro
770 913 924 975 percussa
939 892 1046 976 coepit
1060 891 1172 958 sidera.

130 978 239 1044 shinc
267 978 415 1064 refugere
444 1001 517 1045 cum
544 983 669 1064 posset,
698 979 726 1044 si
755 1001 789 1044 se
816 980 850 1044 in
878 1002 967 1046 mare
995 979 1175 1065 deiecisset,

165 1067 250 1149 quod
282 1068 415 1132 suberat
447 1068 560 1133 classis
593 1068 859 1152 Atheniensium,
897 1090 978 1152 quae
1011 1068 1175 1152 exciperet

163 1157 329 1240 natantes,
358 1156 463 1239 perire
491 1157 609 1222 maluit
636 1178 735 1240 quarn
763 1157 862 1222 armis
891 1156 1028 1222 abiectis
1056 1179 1173 1222 narem

163 1243 355 1328 relinquere,
377 1245 413 1309 in
436 1267 500 1329 qna
522 1245 630 1311 fuerat
653 1249 774 1311 vectus.
810 1245 844 1310 id
867 1246 967 1310 ceteri
990 1244 1095 1311 facere
1116 1267 1173 1310 no-

163 1332 303 1416 luerunt,
323 1333 378 1416 qui
396 1334 503 1398 nando
517 1334 552 1398 in
566 1337 676 1399 tutum
689 1337 914 1417 pervenenmt.
951 1337 986 1397 at
999 1333 1064 1418 ille,
1082 1355 1173 1419 prae

164 1425 251 1485 stare
273 1421 447 1487 honestam
470 1426 610 1487 mortem
633 1422 823 1487 existimans
847 1421 935 1503 turpi
958 1421 1059 1505 ritae,
1087 1443 1173 1488 com-

163 1509 269 1574 minus
292 1530 442 1594 pugnans
465 1510 540 1574 telis
563 1510 709 1573 hostium
731 1508 922 1572 interfectus
946 1511 1004 1573 est

462 1810 558 1883 XIII.
588 1809 875 1882 rlnoerUs.

128 1950 144 2013 1
250 1948 455 2034 Timotheus,
487 1946 630 2014 Cononis
662 1948 763 2033 filius,
795 1947 1014 2015 Atheniensis.
1066 1949 1119 2016 hic
1150 1973 1169 2015 a

160 2041 254 2122 patre
277 2042 444 2122 acceptam
467 2037 606 2123 gloriam
629 2037 742 2102 multis
766 2038 857 2102 auxit
884 2038 1075 2103 virtutibust
1104 2038 1169 2104 fuit

161 2128 248 2191 enim
271 2127 421 2210 disertus,
443 2126 596 2212 impiger,
619 2125 816 2209 laboriosus,
838 2126 886 2190 rei
909 2126 1062 2190 militaris
1084 2128 1168 2211 peri-

126 2219 214 2279 ctus
236 2237 341 2297 neque
364 2215 471 2278 miuus
491 2214 634 2278 civitatIs
653 2213 820 2298 regendae.
852 2213 956 2276 multa
974 2213 1070 2277 huius
1090 2219 1168 2280 sunt

159 2304 324 2386 praeclare
347 2301 443 2384 iacta,
466 2301 522 2365 sed
544 2301 625 2365 haec
643 2300 783 2364 maxime
801 2299 952 2364 illustria.
990 2297 1166 2383 Olynthios

159 2395 193 2453 et
211 2389 388 2472 Byzantios
408 2387 495 2452 bello
514 2388 654 2472 subegit.
692 2385 825 2451 Samum
848 2387 947 2470 cepit:
970 2387 1006 2451 in
1029 2409 1093 2472 quo
1117 2411 1166 2474 op

156 2478 229 2560 pido
253 2475 470 2562 oppugnando
494 2475 659 2558 superiore
681 2474 768 2539 bello
787 2473 1004 2541 Athenienses
1023 2477 1113 2543 mille
1132 2483 1166 2543 et

158 2566 297 2630 ducenta
315 2563 440 2628 talenta
458 2566 734 2646 consumpserant,
752 2562 786 2626 id
799 2563 855 2627 ille
870 2563 939 2630 sine
953 2564 1021 2629 ulla
1033 2566 1165 2650 publica

157 2649 1043 2826 {tettp‘fhh‘stillbtltfbttlbtlt
1060 2655 1165 2825 {tlt

123 2848 138 2896 3
159 2853 232 2896 cum
245 2829 384 2895 rettulit.
411 2827 564 2912 Cyzicum
579 2829 748 2893 obsidi0ne
762 2828 922 2894 liberavit.
950 2829 1164 2896 Ariobarzani

158 2919 256 2984 simul
279 2940 352 2984 cum
366 2916 520 3003 Agesilao
545 2917 665 2981 auxilio
687 2915 854 3000 profectus
877 2921 940 3000 est,
964 2939 984 2980 a
1002 2938 1065 3000 quo
1089 2939 1163 2984 cum

156 3006 243 3072 Laco
266 3006 438 3091 pecuniam
459 3008 665 3070 numeratam
688 3005 875 3090 accepisset,
898 3005 953 3069 ille
977 3004 1062 3070 cives
1086 3026 1163 3071 suos

157 3116 237 3179 agro
265 3099 363 3177 atque
390 3093 526 3158 urbibus
554 3093 667 3178 augeri
695 3092 811 3157 maluit
839 3114 937 3176 quam
966 3093 999 3156 id
1027 3114 1163 3180 sumere,

157 3183 247 3248 cuius
270 3186 398 3264 partem
420 3182 552 3246 domum
576 3203 668 3245 suam
689 3182 814 3262 gulaque
836 3179 920 3245 ferre
942 3185 1063 3264 posset.
1104 3183 1163 3248 ita·

157 3292 219 3354 que
242 3270 367 3353 accepit
390 3267 563 3334 Crithoten
586 3273 619 3333 et
644 3267 783 3334 Sestum.

122 3359 142 3422 2
243 3357 335 3421 Idem
365 3358 461 3422 classi
488 3356 671 3441 praefectus
699 3357 941 3422 circumvehens
964 3356 1162 3442 Peloponne-

157 3469 244 3530 sum,
275 3445 457 3510 Laconicen
488 3447 682 3528 populatus,
714 3445 851 3509 classem
883 3466 996 3509 eorum
1027 3445 1162 3530 fugavit,

157 3531 332 3616 Corcyram
355 3534 415 3598 sub
439 3533 611 3617 imperium
627 3531 876 3597 Atheniensium
899 3532 1026 3618 redegit
1044 3533 1161 3598 socios-
