2598 3906
452 199 512 256 vll.
531 197 756 255 ALCIBIADES.
786 202 811 252 6.
831 203 855 252 e.
1118 199 1161 264 29

155 348 380 414 conflicturum
409 351 467 412 aut
489 346 612 410 bellum
636 345 900 429 compositurum.
946 344 979 408 id
1002 343 1065 408 etsi
1088 357 1197 409 verer

154 437 278 502 dictum
299 436 462 502 Philocles
486 434 773 517 animadvertebat,
795 437 906 498 tamen
927 432 1095 517 postulata
1116 432 1161 496 fa

155 547 226 590 cere
248 525 364 608 noluit,
388 523 474 608 quod
498 523 661 588 sentiebat
683 544 717 587 66
741 521 910 587 Alcibiade
937 524 1068 605 recepto
1093 520 1162 585 nul-

154 613 217 678 lius
240 612 398 678 momenti
422 610 507 696 apud
529 611 707 676 exereitum
729 609 876 674 futurum
899 613 941 693 et,
965 609 993 672 si
1017 608 1093 692 quid
1117 629 1163 672 66-

155 701 250 766 61111111
277 701 451 786 6161116661,
478 699 601 764 1111116111
628 698 663 762 111
686 720 724 765 ea
746 720 781 763 re
809 719 901 763 suam
928 700 1056 782 partem
1083 695 1162 780 fore,

155 793 268 854 contra
296 811 347 873 ea,
376 788 405 852 61
433 786 510 872 quid
537 787 598 851 adv
616 787 662 852 rsi
690 786 873 871 accidisset,
904 807 938 850 66
965 805 1065 850 unum
1094 785 1162 849 eius

154 877 265 942 delicti
296 876 443 942 futurum
474 808 615 1028 1611111ἆᾶ
619 875 660 940 ab
689 875 753 940 1166
781 875 946 940 discedens
976 871 1197 939 Alcibiadesa

154 963 332 1050 ‘quoniam’
351 964 459 1048 inquit
477 963 555 1028 ‘vict
597 963 644 1028 'ae
662 964 787 1047 patriae
806 983 977 1048 repugnas,
996 961 1077 1026 illud
1096 983 1162 1026 mo-

153 1075 226 1136 neo,
242 1073 281 1116 rac
297 1053 389 1118 iuxta
406 1054 536 1117 hostem
555 1055 662 1118 castra
678 1052 799 1116 habeas
817 1051 962 1116 nautica:
982 1049 1168 1134 periculum

155 1145 206 1206 est
233 1141 332 1224 enim,
357 1162 399 1205 ne
421 1139 627 1204 immodestia
654 1139 797 1204 militum
823 1143 1005 1204 vestrorum
1033 1138 1162 1203 occasio

155 1229 249 1293 detur
276 1226 444 1312 Lysandro
473 1227 575 1292 vestri
603 1227 805 1310 opprimendi
832 1225 1012 1292 exercitus’.
1058 1238 1197 1308 nequeo

154 1338 194 1381 66
216 1337 267 1382 res
290 1315 384 1381 illum
406 1313 532 1379 fefellit
576 1336 654 1378 nam
675 1313 855 1397 Lysander,
877 1335 951 1378 eum
974 1335 1031 1397 per
1054 1334 1163 1396 specu·

154 1405 276 1470 latores
305 1403 518 1487 comperisset
545 1402 679 1488 vulgum
701 1400 952 1466 Atheniensium
980 1401 1016 1464 iu
1042 1405 1164 1464 terram

153 1492 345 1577 praedatum
363 1492 467 1556 exisse
484 1511 646 1574 navesque
665 1511 766 1574 paene
789 1489 900 1554 inanes
922 1489 1062 1573 relictas,
1084 1492 1164 1552 tem-

154 1581 291 1664 puerei
318 1580 475 1665 gerendae
502 1600 569 1643 non
599 1579 724 1644 dimi-sit
751 1599 853 1661 eoque
885 1577 1010 1661 impetu
1041 1577 1163 1641 bellum

155 1672 263 1732 totum
286 1669 413 1733 delerit.
809 1711 810 1718 1

243 1755 290 1820 At
307 1755 502 1840 Alcibiades,
520 1756 616 1820 victis
631 1753 886 1820 Atheniensibus
905 1775 971 1818 non
990 1755 1071 1818 66116
1091 1757 1164 1818 11116
1182 1749 1202 1815 9

156 1843 268 1909 eadem
293 1844 366 1908 loca
394 1844 457 1906 sibi
485 1843 662 1927 arbitrans,
690 1843 821 1926 penitus
848 1843 884 1906 in
910 1841 1101 1907 Thraeciam
1129 1862 1164 1904 66

157 1952 255 2014 supra
272 1929 505 2012 Propontidem
524 1931 657 2012 abdidit,
681 1951 813 2013 sperans
832 1929 879 1994 ibi
898 1928 1052 1994 facillime
1072 1949 1164 1994 suam

155 2019 322 2083 fortunam
337 2017 441 2082 occuli
458 2037 563 2100 posse.
590 2016 682 2080 falso.
711 2038 788 2080 nam
801 2015 971 2098 Thraeces,
988 2020 1164 2099 postquam
1182 2028 1198 2077 a

157 2129 231 2170 eum
259 2126 332 2170 cum
360 2125 479 2190 magna
504 2105 641 2188 pecunia
668 2103 794 2168 venisse
818 2106 1001 2186 senserimt,
1030 2103 1164 2166 insidias

156 2195 303 2260 fecerunt
339 2214 439 2276 eaque
473 2214 554 2276 quae
587 2194 778 2275 apportarat
807 2190 1026 2274 abstulerunt,
1057 2190 1165 2273 ipsum

157 2304 270 2366 capere
293 2304 360 2347 non
381 2285 567 2365 potuerunt.
602 2279 659 2343 1116
678 2301 810 2344 cernens
828 2279 955 2343 nullum
973 2279 1083 2343 locum
1101 2278 1165 2342 sibi
1183 2293 1199 2341 a

156 2375 265 2436 tutum
292 2371 328 2434 in
356 2367 491 2434 Graecia
522 2372 656 2452 propter
687 2367 870 2451 potentiam
897 2365 1165 2432 Lacedaemonio-

156 2481 229 2522 rum
248 2459 288 2523 ad
306 2457 552 2522 Pharnabazum
570 2457 605 2520 in
618 2455 733 2520 Asiam
752 2455 896 2540 transiit,
920 2477 1016 2539 quem
1035 2455 1165 2538 quidem

157 2547 236 2612 adeo
260 2569 318 2612 6116
341 2547 427 2629 cepit
449 2545 666 2627 humanitate,
688 2548 726 2608 ut
748 2566 822 2608 eum
844 2565 939 2608 nemo
963 2545 998 2608 in
1020 2543 1165 2608 amicitia

158 2635 369 2698 antecederet.
403 2654 542 2715 namque
565 2633 595 2696 ei
619 2630 777 2715 Grynium
800 2631 940 2713 dederat,
962 2631 997 2696 in
1019 2630 1165 2716 Phrygia

158 2725 312 2804 castrum,
334 2741 373 2784 ex
397 2741 460 2802 quo
484 2719 711 2803 quinquagena
731 2719 856 2782 talenta
873 2719 1043 2803 vectigalis
1063 2719 1165 2802 capie-

158 2811 223 2874 bat.
258 2830 323 2892 qua
340 2807 472 2872 fortuna
489 2806 674 2871 Alcibiades
697 2827 763 2870 non
781 2809 851 2868 erat
870 2809 1042 2870 contentus
1060 2828 1164 2889 neque
1183 2821 1199 2870 4

157 2897 305 2963 Athenas
337 2896 440 2960 victas
472 2891 734 2959 Lacedaemoniis
768 2893 888 2958 servire
922 2895 1052 2977 poterat
1085 2893 1163 2978 pati.

157 2987 267 3070 itaque
297 2984 338 3050 ad
367 2983 508 3068 patriam
537 2982 737 3047 liberandam
765 2982 853 3048 omni
885 2981 1050 3046 ferebatur
1078 2981 1164 3068 cogi·

159 3075 292 3140 tatione.
337 3072 393 3137 sed
420 3072 552 3136 videbat
583 3071 617 3134 id
634 3071 715 3140 sine
742 3091 818 3155 rege
846 3068 944 3134 Perse
971 3091 1037 3134 non
1068 3086 1198 3156 posset

158 3161 237 3244 fieri,
258 3161 394 3244 ideoque
418 3181 491 3225 eum
510 3159 649 3224 amicum
667 3159 731 3223 sibi
750 3158 901 3243 cupiebat
915 3158 1047 3244 adiungi
1060 3180 1164 3242 neque

159 3249 330 3313 dubitabat
352 3247 446 3313 facile
470 3269 504 3312 66
532 3251 793 3330 consecuturum,
823 3247 851 3310 61
881 3247 976 3310 modo
1000 3247 1068 3312 eius
1092 3269 1164 3312 con·

159 3336 310 3400 veniundi
323 3337 493 3400 habuisset
509 3339 716 3419 potestatem.
750 3355 826 3398 uam
841 3333 962 3418 Cyrum
980 3335 1116 3399 fratrem
1134 3335 1164 3397 ei

20 3457 30 3484 0
159 3424 281 3488 bellum
294 3424 378 3488 clam
391 3445 504 3507 parare
515 3421 777 3488 Lacedaemoniis
790 3423 1015 3486 adiuvantibus
1027 3422 1164 3484 sciebat:

105 3582 107 3586 ,
158 3513 191 3577 id
210 3510 238 3577 61
258 3511 446 3596 aperuisset,
465 3531 617 3596 magnam
636 3533 670 3574 se
688 3511 846 3574 initurum
866 3509 1006 3594 gratiam
1024 3506 1163 3568 videbat.
