2598 3906
151 224 173 282 4
482 219 503 272 Ι.
526 217 729 272 MILTIADES.
756 222 781 272 3.
800 223 826 272 4.

151 363 186 428 in
212 363 274 427 hoc
301 361 366 428 fuit
392 365 463 426 tum
490 383 625 426 numero
648 361 812 428 Miltiades
837 361 903 441 [cui
930 361 988 426 illa
1011 363 1161 427 custodia

117 451 359 531 acrederetur]⁸
390 449 453 534 hie,
476 471 550 514 cum
565 448 673 514 crebri
691 450 843 514 afferrent
860 450 968 514 nuntii
986 450 1070 514 male
1088 471 1161 514 rem
1286 447 1287 510 3

152 560 263 625 gerere
277 537 414 602 Darium
431 537 599 620 premique
617 561 637 600 a
651 536 792 623 Scythis,
808 538 960 602 hortatus
980 542 1030 605 est
1046 537 1160 621 pontis

153 627 316 711 custodes,
342 647 383 691 ne
407 647 426 690 a
447 624 580 690 fortuna
606 626 716 690 datam
744 626 947 692 occasionem
973 625 1159 690 liberandae
1286 655 1287 658 ¹

117 713 309 781 cGraeciae
337 714 548 778 dimitterent.
592 735 670 778 nam
696 714 725 778 si
752 735 826 778 cum
857 714 898 777 iis
928 714 1046 798 copiis,
1078 735 1160 796 quas

153 825 262 869 secum
276 805 525 884 transportant,
539 801 707 868 interisset
719 799 848 886 Darius,
861 823 928 866 non
941 801 1047 866 solum
1055 799 1161 866 Euro·

152 913 228 974 pam
250 889 320 954 fore
342 893 460 974 tutam,
482 889 539 954 sed
561 889 661 954 etiam
679 910 744 973 eos,
768 889 824 973 qui
843 888 958 955 Asiam
979 890 1159 954 incolerent

154 976 269 1042 Graeci
288 998 414 1063 genere,
432 977 553 1042 liberos
567 999 588 1042 a
600 976 774 1042 Persarum
791 976 920 1042 usuros
939 977 1159 1043 dominatione

153 1070 187 1130 et
208 1066 360 1150 periculo.
392 1066 426 1130 id
444 1065 538 1130 facile
557 1063 642 1130 effici
665 1087 774 1149 posse:
796 1069 897 1149 ponte
915 1065 1002 1131 enim
1020 1065 1159 1130 rescisse

153 1175 264 1240 regem
287 1154 338 1218 vel
360 1154 506 1220 hostium
527 1153 614 1218 ferre
637 1154 688 1218 vel
710 1154 821 1238 inopia
842 1154 954 1237 paucis
977 1154 1090 1219 diebus
1113 1154 1160 1218 in·
1286 1237 1287 1240 Ἴ

120 1256 134 1304 5
154 1243 337 1308 tenturum.
370 1243 491 1308 adhoc
509 1242 681 1308 consilium
704 1264 777 1308 cum
798 1242 944 1327 plerique
962 1242 1160 1326 accederent,

153 1330 328 1398 Hestiaeus
346 1329 502 1414 Milesius,
520 1351 560 1395 ne
579 1353 630 1396 res
650 1331 870 1414 conficeretur,
889 1331 1029 1414 obstitit,
1049 1330 1159 1395 dicens
1286 1317 1287 1400 l

153 1421 327 1485 nunidem
350 1419 445 1502 ipsis,
475 1419 530 1502 qui
553 1440 696 1484 summas
722 1417 851 1501 imperii
874 1421 1040 1503 tenerent,
1068 1439 1160 1502 expe

155 1508 223 1572 dire
251 1512 285 1570 et
311 1505 527 1589 multitudini,
555 1507 641 1588 quod
663 1504 756 1570 Darii
783 1525 883 1591 regno
911 1506 1057 1589 ipsorum
1078 1506 1161 1570 nite
1286 1543 1287 1572 l

154 1598 244 1659 retur
258 1594 450 1658 dominatio:
470 1614 533 1675 quo
549 1593 709 1658 exstincto
727 1593 817 1677 ipsos
830 1597 993 1676 potestate
1008 1595 1160 1678 expulsos
1286 1661 1287 1666 ,

155 1682 279 1748 civibus
299 1681 365 1746 suis
387 1701 508 1766 poenas
532 1681 673 1746 daturos
705 1681 816 1764 itaque
834 1681 914 1745 adeo
933 1703 967 1746 se
986 1683 1161 1749 abhorrere
1284 1679 1287 1712 ¹

156 1792 175 1834 a
193 1774 375 1835 ceterorum
394 1769 539 1853 consilio,
561 1773 599 1832 ut
616 1769 699 1834 nihil
716 1773 812 1852 putet
829 1769 909 1852 ipsis
927 1769 1042 1834 utilius
1062 1791 1161 1852 quam

121 1873 137 1922 6
156 1858 341 1924 confirmari
365 1877 501 1943 regnum
523 1855 705 1922 Persarum.
747 1857 844 1922 huius
868 1878 942 1922 cum
964 1857 1161 1924 sententiam

154 1947 287 2030 plurimi
319 1949 428 2010 essent
459 1945 579 2029 secuti,
610 1944 774 2010 Miltiades
806 1967 873 2012 non
908 1945 1059 2023 dubitans
1091 1951 1162 2012 tam

156 2036 268 2100 multis
292 2035 429 2116 consciis
448 2034 490 2100 ad
507 2035 594 2120 regis
613 2056 707 2100 aures
726 2034 862 2100 consilia
880 2055 940 2099 sua
956 2038 1161 2118 perventura,
1285 2079 1286 2112 ,

156 2123 393 2190 Chersonesum
420 2123 553 2206 reliquit
580 2145 617 2188 ac
644 2144 756 2190 rursus
784 2121 930 2188 Athenas
958 2123 1161 2206 demigravit.

156 2212 247 2276 cuins
275 2211 360 2274 ratio
388 2210 452 2274 etsi
477 2231 543 2274 non
569 2211 685 2294 valuit,
715 2215 825 2273 tamen
848 2228 966 2292 magno
990 2231 1086 2293 opere
1109 2215 1162 2275 est

155 2297 328 2379 laudanda,
356 2318 428 2360 cum
456 2295 590 2360 amicior
617 2297 762 2360 omnium
789 2295 935 2360 libertati
963 2318 1061 2380 quam
1084 2319 1160 2363 suae

155 2385 255 2451 fuerit
278 2383 500 2448 dominationi.

117 2474 138 2538 4
244 2471 364 2536 Darius
388 2475 505 2556 autem,
528 2492 602 2536 cum
620 2492 660 2535 ex
677 2470 809 2556 Europa
829 2473 864 2538 in
882 2471 996 2538 Asiam
1015 2473 1162 2557 redisset,

156 2561 364 2627 hortantibus
392 2559 519 2644 amicis,
550 2563 589 2624 ut
616 2557 787 2624 Graeciam
816 2560 977 2647 redigeret
1007 2561 1042 2626 in
1069 2583 1162 2626 suam
1249 2623 1258 2644 ,
1285 2563 1286 2580 ’

155 2653 363 2734 potestatem,
387 2649 524 2713 classem
543 2647 793 2734 quingentarum
810 2649 942 2715 navium
961 2649 1163 2736 compararit
1283 2669 1286 2730 f

157 2739 249 2821 eique
271 2736 385 2802 Datim
406 2735 563 2821 praefecit
585 2740 619 2801 et
636 2735 876 2821 Artaphernem
897 2739 1001 2824 iisque
1024 2739 1163 2804 ducenta

156 2827 315 2911 peditum,
344 2827 455 2892 decem
483 2825 629 2908 equitum
657 2825 747 2890 milia
774 2827 875 2911 dedit,
907 2848 1037 2892 causam
1064 2828 1163 2890 inter-

158 2937 267 2980 serens
300 2936 334 2980 se
365 2915 494 2978 hostem
529 2935 598 2977 esse
630 2912 898 2999 Atheniensibus,
930 2914 1016 2997 quod
1050 2935 1163 2979 eorum

158 3002 278 3066 auxilio
308 3001 402 3067 Iones
434 2999 544 3066 Sardis
576 3006 817 3102 expugnassent
848 3023 969 3085 suaque
1001 3003 1163 3086 praesidia

122 3089 404 3154 ainterfecissent.
441 3090 491 3154 illi
517 3087 674 3173 praefecti
701 3090 908 3176 regiiclasse
932 3091 972 3154 ad
994 3089 1163 3157 Euboeam

158 3178 295 3261 appulsa
327 3179 475 3242 celeriter
504 3177 668 3242 Eretriam
701 3183 855 3262 ceperunt
887 3200 1062 3262 omnesque
1093 3180 1163 3246 eius
1284 3209 1285 3226 ¹

152 3267 265 3354 ¹gentis
293 3267 378 3332 cives
407 3268 560 3350 abreptos
586 3265 622 3330 in
648 3265 763 3332 Asiam
791 3268 831 3332 ad
858 3289 968 3353 regem
995 3267 1163 3334 miserunt.

157 3353 231 3420 inde
259 3353 299 3417 ad
322 3353 469 3419 Atticam
496 3359 702 3420 accesserunt
729 3377 766 3420 ac
791 3377 866 3422 suas
890 3356 1000 3440 copias
1023 3357 1058 3421 in
1080 3379 1163 3422 cam·
1284 3369 1285 3376 ’

157 3465 236 3526 pum
258 3441 453 3508 Marathona
481 3443 689 3508 deduxenmt.
730 3443 758 3507 is
782 3445 876 3508 abest
899 3445 939 3508 ab
963 3445 1081 3530 oppido
1105 3443 1163 3507 cir-

124 3531 240 3594 scitm
264 3531 353 3596 milia
375 3553 531 3616 passuum
554 3532 672 3597 decem.
704 3531 766 3596 hoc
785 3533 929 3598 tumultu
947 3531 1162 3598 Athenienses
