2596 3910
539 979 604 1054 EX
630 979 770 1054 LIBRO

343 1141 653 1231 CORNELII
697 1141 969 1230 Narorls

382 1311 444 1378 nn
467 1310 646 1378 sasima
670 1309 930 1378 maroelus

515 1561 641 1634 XXIV.
670 1561 802 1634 CATO.

123 1701 138 1765 l
243 1698 286 1762 M.
306 1699 398 1783 Oato,
416 1703 507 1764 ortus
527 1698 703 1782 municipio
721 1698 872 1784 lbrsculo,
890 1700 1163 1784 adulescentulus,
1288 1713 1289 1716 ’

154 1788 344 1870 priusquam
370 1786 548 1852 honoribus
576 1807 708 1870 operam
735 1787 840 1872 daret,
872 1792 1021 1852 versatus
1050 1792 1101 1852 est
1128 1789 1163 1852 in

156 1873 296 1960 Sabinis,
319 1875 405 1959 quod
427 1875 475 1939 ibi
496 1870 664 1940 heredium
687 1897 707 1939 a
729 1880 822 1960 patre
841 1875 992 1941 relictum
1009 1876 1163 1941 habebat.

155 1963 229 2029 inde
260 1963 396 2029 hortatu
422 1961 459 2028 L.
481 1960 607 2027 Valerii
633 1961 760 2048 Flacci,
797 1985 894 2050 quem
924 1964 959 2028 in
991 1965 1164 2030 consulatu

157 2073 354 2136 censuraque
381 2051 498 2116 habuit
525 2051 699 2136 collegam,
728 2055 766 2116 ut
792 2050 836 2115 Μ.
859 2050 1028 2136 Perpenna
1055 2074 1164 2118 censo

158 2142 226 2205 rius
248 2161 381 2205 narrare
406 2139 521 2204 solitus
545 2143 609 2223 est,
638 2138 778 2204 Romam
805 2140 1000 2224 demigravit
1022 2141 1057 2204 in
1078 2139 1164 2206 foro·

122 2245 138 2292 2
158 2251 219 2313 que
239 2250 308 2293 esse
327 2227 444 2311 coepit.
478 2227 619 2311 primum
642 2228 840 2311 stipendium
863 2228 982 2292 meruit
1005 2249 1164 2293 annorum

89 2365 91 2370 -
157 2318 267 2382 decem
299 2321 496 2400 septemque.
542 2315 579 2391 Q.
606 2314 710 2379 Fabio
740 2314 783 2380 M.
806 2314 942 2381 Claudio
975 2316 1163 2381 consulibus

157 2405 307 2468 tribunus
326 2403 469 2468 militum
487 2403 521 2465 in
541 2400 652 2466 Sicilia
674 2401 746 2468 fuit.
783 2403 856 2468 inde
875 2409 913 2468 ut
931 2404 1037 2488 rediit,
1056 2409 1165 2470 castra

158 2495 287 2556 secutus
311 2495 362 2554 eat
384 2488 419 2554 Ο.
443 2487 571 2555 Claudii
593 2487 748 2573 Neronis,
775 2493 950 2576 magnique
974 2514 1073 2578 opera
1095 2494 1165 2558 eius

158 2577 345 2644 existimata
372 2581 423 2642 est
452 2577 487 2642 in
516 2577 641 2661 proelio
674 2577 759 2662 apud
787 2576 919 2665 Senam,
951 2602 1015 2664 quo
1048 2581 1166 2647 cecidit

123 2685 139 2733 a
157 2666 353 2751 Hasdrubal,
371 2665 474 2731 frater
487 2663 691 2730 Hannibalis.
722 2671 875 2750 quaestor
893 2667 1016 2753 obtigit
1029 2668 1064 2732 Ρ.
1079 2668 1166 2734 Afri-

159 2778 239 2822 cano
267 2755 406 2840 consuli,
435 2777 510 2820 cum
537 2776 601 2839 quo
627 2775 694 2819 non
722 2776 782 2838 pro
806 2757 905 2819 sortis
928 2757 1166 2823 necessitudine

159 2845 253 2910 vixit:
284 2865 424 2928 namque
448 2843 489 2907 ab
512 2864 550 2907 eo
572 2847 730 2927 perpetua
753 2843 906 2907 dissensit
929 2844 1005 2908 rita.
1052 2845 1166 2910 aedilis

121 2933 266 3018 splebei
288 2931 395 2998 factus
419 2936 470 2996 est
492 2952 567 2996 curn
589 2929 624 2997 Ο.
647 2929 773 2996 Helvio.
810 2936 943 3016 praetor
964 2933 1167 3015 provinciam

160 3022 304 3086 obtinuit
332 3018 528 3102 Sardiniam,
556 3040 595 3083 ex
622 3041 687 3104 qua
714 3023 868 3104 quaestor
895 3018 1059 3103 superiore
1087 3024 1168 3085 tem-

160 3130 238 3192 pore
258 3130 296 3173 ex
310 3107 424 3173 Africa
442 3107 596 3173 decedens
616 3106 654 3183 Q.
667 3105 811 3172 Ennium
828 3111 960 3191 politam
980 3106 1168 3194 deduxerat,

161 3196 247 3280 quod
275 3217 341 3260 non
368 3196 503 3261 minoris
532 3196 742 3260 aestimamus
770 3216 868 3278 quam
896 3195 1074 3280 quemlibet
1103 3219 1168 3262 am-

160 3283 345 3368 plissimum
369 3281 608 3348 Sardiniensem
630 3283 840 3367 triumphum.

125 3373 147 3437 2
250 3368 465 3434 Consulatum
488 3371 591 3454 gessit
614 3392 687 3436 aum
709 3370 745 3434 L.
764 3368 897 3435 Valerio
916 3369 1043 3437 Flacco.
1080 3378 1169 3437 sorte

161 3458 362 3541 provinciam
384 3460 500 3520 nactus
519 3455 712 3540 Hispaniam
736 3457 920 3522 citeriorem
939 3481 978 3524 ex
996 3482 1035 3524 ea
1057 3461 1169 3525 trium·

125 3559 142 3604 a
162 3546 263 3624 phum
284 3543 476 3627 deportavit.
506 3543 553 3606 ibi
572 3565 645 3608 cum
664 3545 786 3608 diutius
800 3550 991 3624 moraretur,
1010 3547 1043 3612 P.
1060 3547 1168 3626 Scipio
