2584 3902
421 216 466 270 XI.
486 215 712 272 IPHIORATES.
742 221 810 270 1-e
1087 215 1129 280 43

116 363 204 427 male
228 383 296 426 rem
319 362 439 447 gessit,
463 382 590 444 semper
614 359 750 425 consilio
773 360 853 425 vicit
875 364 1068 445 tantumque
1092 383 1129 426 eo

116 450 233 535 valuit,
255 453 292 514 ut
316 450 421 514 multa
444 449 479 513 in
501 470 536 513 re
560 448 697 512 militari
720 448 842 532 partim
863 469 949 513 nova
972 449 1130 533 attulerit,

117 539 241 623 partim
263 537 400 602 meliora
427 536 553 602 fecerit.
598 557 738 619 namque
765 536 821 600 ille
848 536 1013 621 pedestria
1041 553 1164 601 armas

117 626 268 692 mutavit.
302 647 376 690 cum
391 629 466 690 ante
484 624 578 689 illum
596 625 830 708 imperatorem
843 625 994 688 maximis
1010 624 1131 708 clipeis,

116 715 270 780 brevibus
294 713 411 798 hastis,
434 713 569 777 minutis
593 712 711 798 gladiis
734 715 915 796 uterentur,
937 712 994 776 ille
1018 735 1035 777 e
1058 727 1165 777 con-4

116 803 221 868 trario
245 803 370 887 peltam
391 823 451 886 pro
470 822 585 885 parma
602 800 681 866 fecit
700 797 734 886 (a
752 821 816 884 qno
835 803 952 885 postea
969 801 1131 884 peltastae

115 891 245 975 pedites
259 890 407 972 appclhcti
423 894 503 968 suat,
525 891 580 972 qui
602 893 694 953 autea
711 887 844 970 hoplitae
858 885 1131 974 appellabantur),

116 984 156 1044 ut
179 979 220 1044 ad
244 982 353 1043 motus
374 999 613 1060 concursusque
633 980 743 1042 essent
760 977 908 1061 leviores,
930 977 1045 1042 hastae
1064 999 1131 1041 mo-

117 1067 197 1132 dum
224 1065 414 1150 duplicavit,
447 1065 573 1151 gladios
601 1065 766 1150 longiores
789 1063 878 1130 fecit.
918 1065 1005 1129 idem
1028 1086 1130 1151 genus

117 1155 295 1219 loricarum
322 1174 434 1219 cocum
460 1154 597 1218 instituit
623 1157 656 1216 et
682 1174 742 1236 pro
771 1153 867 1217 sortis
896 1156 994 1235 atque
1023 1153 1130 1218 adneis

117 1243 239 1307 linteas
262 1241 359 1306 dedit.
397 1262 461 1324 quo
479 1240 569 1305 iacto
592 1240 809 1324 expeditiores
833 1240 955 1304 milites
978 1241 1131 1304 reddidit:

117 1352 196 1395 nam
219 1329 360 1414 pondere
383 1329 547 1412 detracto,
571 1327 657 1411 quod
681 1348 782 1410 seque
806 1349 924 1410 corpus
948 1331 1076 1412 tegeret
1098 1332 1132 1392 et

117 1420 189 1484 leve
213 1422 308 1502 esset,
332 1417 466 1482 curavit.

207 1505 336 1572 Bellum
360 1527 434 1572 cum
456 1503 656 1570 Thraecibus
680 1504 794 1589 gessit,
818 1502 983 1587 Seuthem,
1007 1503 1171 1568 socium2

119 1594 383 1678 Atheniensium,
406 1594 441 1658 in
464 1614 602 1680 regnum
624 1592 782 1658 restituit.
828 1591 914 1676 apud
937 1589 1132 1657 Corinthum

119 1687 214 1748 tanta
237 1683 410 1748 severitate
435 1681 590 1747 exercitui
612 1680 765 1766 praefuit,
787 1683 826 1745 ut
847 1681 957 1746 nullae
975 1702 1131 1764 umquam

119 1771 155 1836 in
183 1768 320 1835 Graecia
346 1791 451 1853 neque
478 1769 723 1834 exercitatiores
752 1769 864 1852 copiae
891 1791 996 1852 neque
1024 1769 1131 1854 magis

120 1859 209 1923 dicto
228 1857 394 1922 audientes
416 1856 538 1920 fuerint
556 1857 643 1940 duci,
665 1857 701 1920 in
714 1878 850 1940 eamque
865 1858 1131 1922 consuetudinem
1150 1871 1166 1918 a

121 1945 268 2028 adduxit,
295 1949 347 2028 ut,
370 1965 444 2008 cum
466 1944 582 2028 proelii
606 1943 736 2028 signum
760 1944 800 2007 ab
823 1945 1021 2027 imperatore
1045 1949 1131 2009 esset

121 2036 243 2116 datum,
267 2032 336 2097 sine
359 2031 449 2096 ducis
474 2053 573 2115 opera
596 2031 643 2095 sic
666 2031 838 2113 ordinatae
849 2031 1074 2115 consisterent,
1094 2035 1132 2094 ut

120 2117 1167 2290 ttrdhdttht,ttzltztlltttttltt⁸

121 2299 261 2364 maxime
284 2301 358 2363 tots
380 2297 581 2362 celebratum
604 2299 655 2361 est
679 2292 824 2361 Graecia
870 2295 990 2360 iterum
1020 2294 1134 2359 eodem

121 2387 208 2453 bello
232 2407 344 2452 omnes
368 2385 478 2470 copias
497 2406 609 2450 eorum
628 2383 764 2470 fugavit,
788 2405 852 2467 quo
871 2383 959 2449 facto
979 2403 1133 2470 magnam

121 2476 258 2560 adeptus
281 2479 332 2540 est
360 2473 508 2560 gloriam.
554 2495 628 2539 cum
651 2472 849 2538 Artaxerxes
872 2471 1038 2558 Aegyptio
1062 2471 1167 2557 regis

120 2563 244 2628 bellum
275 2561 394 2626 inferre
426 2561 545 2645 voluit,
579 2559 769 2644 Iphicraten
801 2561 843 2625 ab
876 2559 1133 2625 Atheniensibus

122 2651 237 2716 ducem
259 2649 386 2732 petivit,
410 2670 506 2731 quem
527 2648 718 2732 praeficeret
741 2648 898 2713 exercitui
921 2648 1133 2730 conductici0,

122 2738 215 2804 cuius
238 2757 392 2800 numerus
416 2735 585 2800 duodecim
608 2735 736 2798 milium
764 2735 837 2798 fuit.
884 2755 980 2816 quem
1004 2735 1133 2817 quidem

123 2827 170 2892 sic
194 2824 285 2890 omni
308 2823 480 2907 disciplina
503 2822 638 2887 militari
662 2822 809 2906 erudivit,
833 2825 879 2905 ut,
903 2843 999 2904 quem
1013 2823 1054 2886 ad
1068 2843 1134 2886 mo·

123 2915 199 2979 dum
219 2912 383 2997 quondam
401 2910 540 2976 Fabiani
559 2910 681 2974 milites
700 2908 824 2975 Romae
845 2909 1015 2994 [appellati
1034 2911 1134 2993 sunt],

124 3003 170 3067 sic
183 3001 425 3086 Iphicratenses
440 2999 526 3084 apud
540 2997 682 3064 Graecos
703 2999 738 3062 in
752 3020 880 3062 summa
893 2997 988 3062 laude
1003 2995 1133 3063 fuerint.

124 3091 209 3155 idem
237 3089 382 3155 subsidio
406 3086 671 3165 Lacedaemoniis
698 3085 865 3170 profectus
888 3084 1167 3170 Epaminondaeo

123 3178 301 3243 retardavit
323 3178 475 3261 impetus.
504 3197 582 3240 nam
599 3175 664 3240 nisi
688 3175 757 3239 eius
782 3175 938 3239 adventus
963 3176 1133 3260 appropin-

125 3271 266 3351 quasset,
288 3288 355 3331 non
367 3265 458 3349 prius
473 3263 619 3329 Thebani
635 3261 754 3347 Sparta
768 3263 1012 3349 abscessissent,
1036 3285 1133 3346 quam

124 3359 255 3440 captam
277 3353 426 3420 inccndio
450 3353 620 3417 delessent.

212 3441 291 3508 Fuit
314 3446 423 3506 autern
446 3443 480 3505 et
503 3441 610 3506 animo
634 3459 753 3524 magno
778 3442 811 3503 et
834 3459 968 3524 corpore
998 3433 1173 3518 impera-3

125 3532 273 3616 toriaque
296 3529 417 3615 forma,
439 3532 477 3594 ut
499 3528 571 3612 ipso
595 3531 730 3612 aspectu
754 3527 855 3592 cnivis
878 3527 1014 3590 iniceret
1035 3521 1135 3585 admi-
