2598 3906
150 225 194 288 50
469 225 542 280 XIV.
562 225 743 279 DATAMES.
772 231 797 279 3.
812 231 841 280 A.

150 369 207 433 ubi
230 373 301 434 erat
328 391 398 453 rex,
426 369 515 434 venit
543 373 741 453 posteroque
764 369 815 434 die
838 369 968 454 Thuyn,
994 370 1163 436 hominem

151 457 285 520 maximi
308 457 453 540 corporis
481 457 685 541 terribilique
712 457 810 542 facie,
840 457 926 541 quod
954 461 988 522 ιι
1010 459 1104 544 niger
1128 464 1163 524 ιι
1286 481 1287 484 ’

152 545 269 628 capillo
297 546 395 630 longo
423 545 589 629 barbaque
617 549 687 609 erat
715 545 889 630 promissa,
917 546 1042 630 optima
1069 552 1161 612 veste

151 633 243 718 texit,
267 655 365 717 quam
388 637 537 718 satrapae
560 634 643 718 regii
667 653 778 718 gerere
803 639 1006 719 consuerant,
1032 636 1163 700 ornavit

152 721 251 785 etiam
283 725 398 805 torque
431 725 529 804 atque
561 721 698 786 armillis
732 722 838 786 aureis
867 727 1038 806 ceteroque
1068 725 1161 809 regio

116 810 219 874 aoult
205 814 256 893 tu;
278 809 347 892 ipse
371 810 493 894 agresti
482 810 641 961 1duplici
661 810 801 874 amiculo
823 810 1041 876 circumdatus
1059 811 1162 875 hirta·

152 918 213 980 que
232 896 351 980 tunica,
370 917 485 982 gerens
504 899 539 962 in
553 899 641 981 capit
643 919 659 961 c
674 899 812 1049 galeamt
816 899 1028 984 venatoriam,
1046 899 1123 964 dext
1108 903 1162 965 ιιι

151 1005 248 1047 manu
272 985 410 1068 clavam,
434 985 567 1050 sinistra
591 986 812 1070 copulam,it
814 987 1002 1051 evinctum
1025 991 1101 1052 ante
1125 1010 1160 1052 se
1286 1031 1287 1064 ,

1286 1075 1287 1106 ι

151 1071 320 1155 Thuynem
344 1035 472 1158 agebat,
494 1075 577 1138 ut
552 1096 580 1138 ιι
598 1073 701 1138 feram
718 1075 860 1138 bestiam
875 1079 1005 1158 captam
1020 1075 1160 1140 duceret.

1286 1125 1287 1152 l

115 1177 131 1225 a
151 1182 322 1243 quaecum
342 1183 452 1226 omnes
472 1162 654 1246 aspicerent
673 1167 808 1246 propter
825 1163 1006 1228 novitatem
1026 1169 1160 1231 ornatus
1286 1221 1287 1226 ,

151 1248 364 1334 ignotamque
396 1250 537 1316 formam
565 1252 606 1316 ob
635 1273 770 1335 eamque
802 1274 871 1316 rem
903 1274 1040 1337 magnus
1074 1257 1160 1316 esset

152 1359 336 1423 concursus,
367 1338 432 1403 tuit
453 1362 614 1404 nonnemo
643 1341 700 1424 qui
724 1343 915 1424 agnosceret
937 1340 1055 1424 Thuyn
1077 1341 1160 1426 regi-

115 1443 214 1510 Aque
237 1428 412 1492 nuntiaret.
453 1429 559 1512 primo
586 1449 653 1492 non
680 1427 854 1492 accredidit
883 1427 994 1509 itaque
1017 1427 1164 1492 Pharna

150 1515 268 1579 bazum
291 1516 382 1579 misit
405 1516 617 1597 exploratum.
654 1537 673 1576 a
692 1537 756 1596 quo
774 1515 812 1577 ut
830 1535 899 1576 rem
922 1517 1050 1598 gestam
1074 1537 1161 1582 com·

150 1603 330 1685 perit,sta
311 1603 391 1665 atim
420 1601 546 1664 admit
508 1605 549 1664 ιιι
576 1601 686 1684 iussit,
715 1622 834 1686 magno
859 1622 955 1684 opere
978 1601 1084 1668 deleat
1069 1607 1160 1669 tatus

152 1710 225 1752 oum
247 1687 434 1752 factottum
462 1688 628 1772 ornatu,
619 1687 768 1771 mprimis
792 1688 878 1772 quod
900 1689 1022 1755 nobilis
1045 1714 1103 1757 rex
1125 1693 1161 1758 in

116 1792 143 1841 ι
151 1778 350 1859 potestatem
373 1775 556 1858 inopinanti
578 1780 720 1841 venerat.
765 1777 877 1860 itaque
901 1779 1073 1880 magnifice
1096 1779 1160 1845 Da·

151 1867 261 1927 tamen
283 1863 383 1926 donat
369 1866 440 1926 tum
463 1863 504 1927 ad
527 1864 647 1929 exercit
648 1887 704 1929 um
727 1866 831 1950 misit,
859 1867 915 1950 qui
938 1871 1010 1933 tum
1033 1873 1160 1934 contra-

150 1951 250 2016 hebat
236 1955 290 2014 tur
322 1951 401 2018 duce
433 1949 711 2019 Pharnabazot
678 1958 711 2020 et
741 1955 795 2019 Tit
796 1917 930 2020 hiauste
963 1956 1003 2020 ad
1034 1957 1160 2022 bellum

147 2039 292 2124 Aegypt
284 2061 360 2124 1um,
378 2040 514 2125 parique
528 2047 650 2108 eumat
652 2065 713 2127 que
728 2044 953 2127 illos1mperio
969 2065 1039 2108 esse
1053 2046 1160 2110 iussit.

150 2131 265 2212 postea
294 2149 370 2192 vero
404 2151 502 2212 quam
532 2131 779 2196 Pharnabazum
811 2154 867 2195 rex
899 2133 1077 2216 revocavit,
1109 2133 1160 2196 illi

152 2239 279 2281 summa
301 2215 430 2299 imperii
453 2219 576 2282 tradita
599 2223 658 2283 ιιι

116 2307 137 2372 4
238 2303 302 2369 Ηιι
330 2325 403 2368 eum
431 2307 620 2369 maximos
605 2306 712 2370 studio
746 2309 949 2388 compararet
981 2308 1160 2373 exercitum
1286 2297 1287 2320 ¹

150 2391 402 2493 Aegyptumque
421 2393 584 2475 proficisci
602 2397 742 2477 pararet,
766 2394 874 2457 subito
895 2416 912 2457 a
932 2414 1008 2480 rege
1027 2395 1083 2460 litt
1053 2399 1159 2462 tterae

152 2484 228 2546 sunt
256 2481 285 2544 ei
313 2480 444 2564 missae,
472 2485 510 2544 ut
536 2481 653 2565 Aspim
681 2480 925 2566 aggrederetur,
926 2483 1015 2567 qui
1043 2482 1105 2550 Cat
1091 2489 1160 2549 ι-ιο

150 2570 239 2635 niam
266 2568 412 2634 tenebat:
450 2590 532 2652 quae
560 2590 639 2654 gens
667 2569 752 2635 iacet
775 2592 873 2668 supra
896 2533 1060 2673 Ciliciam,
1086 2595 1159 2637 con-

116 2675 132 2722 a
150 2658 224 2722 finis
244 2655 474 2742 Cappadociae.
508 2679 648 2742 namque
662 2658 771 2744 Aspis,
782 2653 859 2723 salt
845 2662 974 2724 tuosam
992 2661 1159 2761 regionem

152 2747 357 2848 castellisque
390 2747 497 2810 munit
498 2768 551 2810 am
583 2747 743 2832 incolens,
779 2770 846 2812 non
878 2749 1029 2812 solum
1021 2749 1158 2832 imperio

151 2836 238 2921 regis
261 2857 327 2900 non
349 2834 494 2918 parebat,
517 2836 574 2900 sed
597 2836 696 2900 etiam
718 2836 875 2900 finitimas
899 2837 1048 2922 regiones
1066 2858 1159 2900 vexa-

116 2925 210 2989 3bat
242 2928 388 3006 atquae
419 2924 489 3008 regi
520 2927 729 3006 portarentur
761 2924 953 3007 abripiebat.
1001 2923 1158 2988 Datames

152 3012 214 3074 etsi
240 3012 337 3096 longe
365 3012 479 3075 aberat
507 3012 547 3074 ab
581 3012 622 3075 iis
649 3012 837 3097 regionibus
867 3017 900 3077 et
927 3034 946 3076 a
974 3011 1094 3094 maiore
1123 3034 1158 3077 re

152 3099 412 3183 abstrahebatur,
431 3103 541 3164 tamen
559 3100 646 3184 regis
661 3100 823 3164 voluntati
840 3121 964 3165 morem
982 3100 1159 3185 gerendum

150 3187 288 3270 putavit.
324 3187 435 3270 itaque
460 3210 533 3252 cum
555 3188 677 3272 paucis,
701 3188 757 3252 sed
780 3189 857 3253 viris
880 3189 1020 3254 fortibus
1043 3211 1160 3254 navem

151 3273 351 3356 conscendit,
379 3275 463 3338 exist
464 3276 582 3359 imane,
611 3276 697 3358 quod
725 3276 859 3361 accidit,
888 3277 1016 3341 facilius
1040 3299 1074 3342 se
1102 3279 1160 3342 im-

150 3361 342 3446 prudentem
369 3383 470 3443 parva
498 3385 596 3428 manu
625 3386 855 3448 oppressurum
884 3387 981 3448 quam
1008 3371 1160 3450 paratum

113 3450 298 3533 cquamvis
331 3469 450 3533 magno
484 3452 636 3516 exercitu.
683 3453 745 3517 hac
777 3453 945 3516 delatus
936 3476 971 3517 m
1003 3451 1160 3537 Ciliciam,

151 3559 299 3622 egressus
331 3536 424 3621 inde,
458 3537 526 3604 dies
558 3545 735 3625 noctesque
768 3541 831 3604 iter
862 3540 984 3605 faciens
1016 3542 1159 3605 Taurum
