2598 3906
144 221 187 286 38
525 219 558 276 X.
577 219 674 275 DION.
703 225 781 275 2-4,

144 366 295 431 traderet.
331 385 434 448 neque
458 384 534 429 varo
558 363 664 428 minus
688 364 757 448 ipse
780 361 876 428 Plato
900 362 1080 428 delectatus
1104 367 1157 428 est

144 453 259 520 Dione.
292 454 403 537 itaque
423 473 497 518 cum
516 473 536 515 a
554 455 694 536 tyranno
710 451 883 517 crudeliter
896 451 1039 516 violatus
1058 455 1156 536 esset,

146 543 265 628 quippe
293 541 349 625 qui
380 563 453 606 eum
485 539 672 604 venumdari
704 540 868 624 iussisset,
899 543 1010 604 tamen
1042 539 1155 605 eodem

110 631 243 696 tradiit
266 629 410 696 eiusdem
432 626 548 692 Dionis
576 627 726 710 precibus
755 628 920 692 adductus.
965 627 1098 692 inerim
1120 627 1156 692 in
1278 677 1279 706 ,

146 719 296 784 morbum
327 717 443 783 incidit
474 715 660 799 Dionysius.
711 737 775 799 quo
808 737 882 780 cum
918 716 1049 802 gravius
1082 737 1157 781 con·
1278 713 1279 718 ’

145 807 336 888 dictaretur,
359 804 520 889 quaesivit
539 826 558 868 a
577 803 710 868 medicis
729 802 826 889 Dion,
849 826 946 888 quem
964 803 1005 868 ad
1023 803 1157 868 modum

147 916 180 960 se
203 894 348 977 haberet,
372 893 533 976 simulque
556 893 597 957 ab
621 891 662 956 iis
686 892 791 976 petiit,
814 892 843 957 ei
865 891 951 956 forte
974 894 1010 956 c'u
1032 891 1156 957 maiore

146 985 233 1046 esset
254 981 412 1065 periculo,
441 984 479 1046 ut
506 979 570 1044 sibi
592 978 787 1045 faterentur:
818 1001 895 1045 nam
917 981 1000 1046 velle
1024 1002 1057 1045 ae
1081 1001 1157 1046 cum

146 1091 185 1134 eo
213 1069 355 1152 colloqui
387 1069 425 1133 de
457 1068 627 1152 partiendo
659 1088 774 1153 regno,
806 1069 892 1152 quod
924 1070 1046 1134 sororia
1079 1089 1156 1134 suae

145 1159 232 1223 filios
251 1179 290 1222 ex
307 1157 365 1222 illo
379 1160 475 1221 natos
490 1160 617 1240 partem
630 1157 724 1242 regni
744 1157 883 1242 putabat
896 1157 1013 1222 debere
1026 1157 1156 1223 habere.

111 1247 179 1312 eid
202 1245 318 1311 medici
340 1267 406 1310 non
429 1249 601 1310 tacuerunt
623 1249 657 1310 et
680 1245 720 1310 ad
742 1243 937 1330 Dionysium
964 1246 1070 1312 filium
1093 1267 1157 1310 ser·

147 1357 277 1401 monem
309 1334 514 1400 rettulerunt.
561 1356 625 1418 quo
657 1334 713 1398 ille
741 1338 937 1418 commotus,
967 1356 1008 1398 ne
1039 1334 1157 1419 agendi

148 1428 235 1489 esset
248 1421 348 1488 Dioni
361 1425 519 1507 potestas,
532 1422 620 1506 patri
635 1443 786 1504 soporem
801 1421 942 1485 medicos
953 1420 1028 1484 dare
1039 1422 1158 1506 coegit.

147 1512 210 1577 hoo
233 1531 329 1596 aeger
353 1514 485 1593 sumpto
508 1509 636 1592 sopitus
659 1509 745 1573 diem
769 1508 852 1573 obiit
875 1529 1071 1591 supremum.

112 1603 133 1667 3
235 1597 313 1662 Tale
340 1597 471 1662 initium
498 1596 561 1661 luit
584 1595 700 1660 Dionis
731 1600 764 1660 et
786 1594 937 1679 Dionysii
967 1596 1158 1681 simultatis,

147 1707 248 1769 eaque
272 1684 384 1749 multis
408 1684 504 1749 rebus
528 1687 625 1748 aucta
642 1688 701 1748 est.
738 1684 794 1748 aed
812 1687 924 1748 tamen
941 1684 1056 1769 primis
1077 1689 1158 1751 tem·

147 1773 281 1859 poribus
297 1771 496 1855 aliquamdiu
512 1771 666 1837 simulata
683 1772 770 1837 inter
788 1793 844 1838 eos
863 1773 1009 1838 amicitia
1027 1774 1157 1838 mansit.

147 1864 237 1944 secut,
270 1882 343 1926 eum
366 1859 454 1925 Dion
475 1881 541 1926 non
565 1860 738 1925 desisteret
761 1861 930 1926 obsecrare
953 1859 1158 1946 Dionysium,

148 1955 186 2018 ut
207 1947 379 2015 Platonem
401 1947 541 2014 Athenis
571 1953 749 2015 arcesseret
771 1953 805 2014 et
828 1950 897 2015 eius
920 1950 1066 2015 consiliis
1089 1954 1158 2014 ute-

149 2044 252 2124 retur,
283 2037 353 2122 ille,
385 2037 441 2121 qui
473 2037 508 2103 in
537 2037 647 2122 aliqua
673 2060 708 2103 re
736 2038 835 2103 vellet
867 2042 994 2123 patrem
1025 2037 1158 2121 imitari,

114 2145 273 2194 amorem
297 2127 327 2192 ei
350 2127 460 2214 gessit.
497 2126 674 2210 eodemque
692 2131 839 2210 tempore
857 2125 1034 2190 Philistum
1056 2126 1159 2190 histo-

149 2218 253 2282 ricum
277 2213 455 2298 Syracusae
483 2214 625 2296 reduxit,
652 2214 819 2278 hominem
842 2214 982 2278 amicum
1004 2235 1071 2277 non
1093 2236 1159 2278 ma·

150 2306 201 2390 gis
225 2308 364 2387 tyranno
388 2323 485 2384 quam
508 2301 682 2384 tyrannidi.
728 2300 784 2365 sed
806 2300 845 2365 de
868 2301 931 2365 hoc
953 2300 988 2364 in
1010 2319 1048 2364 eo
1072 2301 1158 2367 libro

149 2393 244 2476 plura
276 2392 353 2454 sunt
380 2388 541 2471 exposita,
574 2387 629 2470 qui
661 2388 700 2451 de
729 2387 895 2452 historicis
925 2387 1057 2454 Graecis
1086 2412 1159 2456 oon·

114 2479 292 2562 ascriptus
320 2479 378 2541 est.
423 2473 520 2540 Plato
547 2478 657 2540 autem
689 2479 819 2541 tantum
851 2478 937 2561 apud
963 2475 1158 2562 Dionysium

150 2566 345 2633 auctoritate
379 2563 489 2648 potuit
506 2563 686 2646 ·valuitque
718 2564 922 2650 eloquentia,
957 2569 996 2631 ut
1027 2567 1057 2631 ei
1088 2588 1158 2652 pcr-

151 2654 292 2721 euaserit
309 2651 491 2737 tyrannidis
517 2651 622 2716 facere
640 2652 740 2717 finem
757 2653 1008 2738 libertatemque
1027 2655 1158 2720 reddere

151 2742 372 2828 Syracusanis.
390 2763 488 2825 aqua
501 2741 669 2806 voluntate
684 2739 817 2806 Philisti
832 2743 968 2808 consilio
983 2743 1157 2807 deterritus

152 2833 318 2917 aliquanto
343 2830 503 2897 crudelior
525 2851 595 2894 esse
619 2830 734 2914 coepit.

113 2923 138 2988 4
240 2921 303 2997 Qui
328 2919 457 3003 quidem
480 2939 555 2983 oum
574 2940 593 2982 a
611 2915 716 2983 Dione
740 2939 774 2982 ee
798 2920 943 3002 superori
965 2917 1089 2981 videret
1112 2919 1158 2983 in-

151 3011 261 3096 genio,
289 3007 499 3090 auctoritate,
530 3027 638 3071 amore
661 3006 788 3091 populi,
815 3026 928 3070 verens
950 3025 1005 3088 ne,
1032 3005 1159 3071 sicum

152 3119 261 3162 secum
287 3095 436 3178 haberet,
464 3093 607 3178 aliquam
635 3095 836 3160 occasionem
864 3094 915 3159 sui
938 3093 1030 3158 daret
1053 3096 1158 3178 oppri-

151 3184 268 3267 mendi,
290 3205 405 3248 navem
428 3183 459 3246 ei
478 3182 644 3247 triremem
662 3182 759 3266 dedit,
779 3203 843 3264 qua
857 3180 1051 3247 Corinthum
1069 3183 1159 3248 deve·

151 3274 297 3356 heretur,
325 3271 497 3336 ostendens
526 3292 560 3335 re
587 3271 621 3335 id
643 3271 813 3354 utriusque
842 3269 946 3334 facere
971 3291 1081 3355 eausa,
1109 3294 1160 3355 ne,

153 3383 227 3428 cum
241 3361 327 3426 inter
341 3381 375 3423 se
389 3359 552 3443 timerent,
571 3359 727 3423 alteruter
746 3358 885 3422 alterum
900 3365 1159 3443 praeoccuparet.

117 3449 281 3516 cidnum
306 3448 429 3513 factum
453 3447 549 3513 multi
576 3447 822 3530 indignarentur
851 3467 1051 3532 magnaeque
1074 3452 1160 3513 esset

153 3539 292 3605 invidiae
321 3542 474 3622 tyranno,
501 3534 679 3620 Dionysius
703 3535 824 3620 omnia,
855 3557 938 3619 quae
960 3536 1083 3602 moveri
1104 3557 1159 3621 po·
