2596 3910
379 205 437 260 XV.
456 204 728 260 EPAMINONDAS.
757 213 852 262 8-10.
1077 209 1117 272 61

112 353 250 434 subiret,
277 350 455 415 sedunum
479 349 520 413 ab
544 349 737 432 iis,.petivit,
767 353 805 414 ut
832 349 866 414 in
889 352 1036 434 sepulcro
1060 373 1118 417 suo

111 440 339 504 inscriberent:
377 437 630 520 ‘Epaminondas
661 459 680 501 a
707 437 870 502 Thebanis
903 443 1008 504 morte
1040 441 1153 506 mul-3

111 531 201 592 tatus
233 531 301 611 est,
333 526 419 610 quod
452 547 507 590 eos
540 525 647 612 coegit
679 525 764 609 apud
796 524 936 591 Leuctra
967 549 1118 611 superare

111 614 394 698 Lacedaemonios,
418 634 499 696 quos
518 615 642 677 antaee
663 613 894 698 imperatorem
907 637 1002 680 nemo
1018 614 1119 680 Boeo-

111 709 220 768 torum
244 724 341 768 ausus
365 702 410 766 sit
433 701 576 785 aspicere
594 701 629 765 in
642 702 720 786 acie,
744 703 892 786 quodque
911 725 976 768 uno
994 703 1118 786 proelio
1137 720 1154 768 4

110 813 176 856 non
200 792 306 857 solum
320 789 449 854 Thebas
473 790 513 854 ab
537 789 674 854 interitu
692 791 838 874 retraxit,
862 792 917 856 sed
936 791 1036 856 etiam
1051 792 1119 856 uni-

111 901 239 945 versam
263 877 433 953 Graeciam
460 878 494 942 in
523 877 710 943 libertatem
733 879 909 944 vindicavit
936 901 1038 963 eoque
1067 901 1118 944 res

111 972 324 1052 utrorumque
351 965 514 1050 perduxit,
544 970 582 1030 ut
605 965 751 1032 Thebani
775 965 927 1051 Spartam
955 989 1118 1054 oppugna·

111 1061 197 1139 rent,
224 1055 470 1120 Lacedaemonii
494 1054 573 1119 satis
597 1055 768 1138 haberent,
798 1056 826 1119 si
849 1056 929 1120 salvi
953 1078 1023 1122 esse
1046 1079 1118 1140 pos·
1189 1071 1191 1074 ’

112 1148 195 1227 sent,
217 1164 321 1226 neque
344 1143 434 1227 prius
453 1143 574 1207 bellare
592 1143 729 1225 destitit,
753 1164 850 1226 quam
864 1143 1011 1210 Messene
1026 1145 1118 1209 resti·
1137 1160 1152 1210 5

111 1236 186 1296 tuta
200 1232 313 1295 urbem
328 1253 440 1296 eorum
454 1230 623 1295 obsidione
637 1230 775 1295 elausit?
797 1231 876 1296 haec
887 1253 960 1296 cum
974 1233 1119 1316 dixisset,

111 1320 197 1384 risus
222 1319 367 1384 omnium
390 1340 463 1384 curn
486 1318 652 1382 hilaritate
675 1321 807 1384 coortus
828 1323 888 1403 est,
910 1340 1014 1402 neque
1034 1320 1119 1402 quis·

112 1430 209 1492 quam
234 1408 329 1472 iudex
352 1428 450 1472 ausus
474 1411 525 1472 est
547 1406 585 1470 de
609 1428 646 1471 eo
674 1405 758 1470 ferre
786 1406 984 1492 suffragium.
1030 1408 1120 1472 sica

106 1497 231 1563 ‘iudicio
255 1496 371 1581 capitis
396 1495 537 1560 maxima
559 1493 709 1561 discessit
731 1494 845 1579 gloria.

203 1584 267 1650 Hie
290 1589 435 1650 extremo
456 1588 601 1668 tempore
620 1583 800 1666 imperator
816 1583 901 1668 apud
915 1582 1118 1648 Mantineam
1137 1583 1156 1648 9

113 1696 186 1739 oum
210 1674 277 1738 acie
300 1674 461 1737 instructa
484 1671 634 1736 audacius
657 1671 797 1736 instaret
819 1671 945 1756 hostes,
967 1672 1117 1758 cognitus

113 1784 133 1826 a
155 1760 428 1842 Lacedaemoniis,
451 1759 537 1842 quod
560 1759 594 1822 in
616 1761 711 1823 unius
735 1760 877 1844 pernicie
901 1761 970 1824 eius
992 1761 1118 1844 patriae

114 1850 213 1913 sitam
236 1847 397 1930 putabant
425 1845 576 1928 salutem,
598 1847 741 1911 universi
769 1849 804 1912 in
831 1871 931 1912 unum
959 1849 1118 1932 impetum

114 1937 260 2001 fecerimt
282 1954 385 2017 neque
408 1933 497 2016 prius
522 1933 756 2017 abscesserunt,
779 1956 877 2016 quam
892 1957 1010 2020 magna
1024 1935 1119 2000 caede

113 2026 195 2090 edita
214 2021 389 2104 multisque
409 2020 523 2084 occisis
541 2018 720 2084 fortissime
738 2022 846 2104 ipsum
860 2021 1119 2105 Epaminondam

113 2114 329 2197 pugnantem,
351 2129 447 2192 sparo
470 2109 595 2172 eminus
618 2129 822 2191 percussum,
846 2108 1012 2173 concidere
1036 2109 1120 2172 vide-

114 2204 199 2265 runt.
243 2198 340 2262 huius
368 2217 444 2262 casu
477 2196 680 2280 aliquantum
707 2196 864 2261 retardati
894 2201 976 2261 sunt'
993 2195 1153 2280 Boeotia

113 2309 216 2372 neque
253 2291 362 2351 tamen
398 2284 489 2369 prius
529 2307 640 2370 pugna
675 2288 898 2369 excesserunt,
940 2307 1037 2369 quam
1073 2307 1120 2349 re

114 2379 297 2462 pugnantes
329 2374 552 2460 profliganmt.
599 2377 634 2437 at
660 2372 917 2458 Epaminondas,
949 2395 1022 2438 cum
1054 2374 1154 2438 ani-3

114 2466 330 2530 madverteret
353 2461 558 2527 mortiferum
581 2483 615 2526 se
633 2463 750 2527 vulnus
770 2462 932 2546 accepisse
950 2463 1120 2546 simulque,

80 2555 84 2564 '
115 2553 143 2618 si
166 2553 297 2635 ferrum,
320 2551 406 2634 quod
429 2572 468 2615 ex
491 2550 603 2614 hastili
626 2551 661 2614 in
684 2572 818 2634 corpore
837 2555 1046 2635 remanserat,
1070 2573 1120 2615 ex-

114 2641 277 2722 traxisset,
300 2639 441 2702 animem
455 2639 568 2703 statim
582 2639 785 2723 emissurum,
806 2660 908 2722 usque
923 2661 960 2704 eo
975 2640 1120 2722 retinuit,

116 2728 222 2812 quoad
245 2726 466 2790 renuntiatum
489 2730 540 2790 est
562 2725 677 2791 vicisse
700 2726 852 2791 Boeotos.
890 2726 923 2790 id
946 2730 1154 2809 postquami

115 2816 247 2900 audivit,
266 2812 370 2879 ‘satis’
385 2813 492 2897 inquit
507 2812 598 2877 ‘vixiz
620 2813 761 2878 invictus
776 2814 862 2878 enim
876 2813 1018 2878 morior?
1049 2818 1121 2878 tum

116 2905 201 2969 ferro
226 2907 372 2968 extracto
396 2901 569 2967 confestim
591 2902 794 2966 exanimatus
818 2905 876 2965 est.
947 2935 950 2942 ι

202 2991 265 3058 Hic
296 3012 429 3056 uxorem
460 3011 638 3073 numquam
670 2989 770 3054 duxit.
815 2989 850 3054 in
878 3011 942 3073 quo
970 3011 1044 3054 cum
1074 3011 1119 3053 re·
1133 2990 1172 3053 10

115 3081 365 3164 prehenderetur
378 3102 398 3144 a
412 3078 576 3162 Pelopida,
599 3079 654 3162 qui
674 3078 779 3142 filium
796 3078 940 3142 habebat
958 3076 1120 3161 infamem,

115 3169 262 3252 maleque
290 3191 363 3234 eum
391 3169 425 3232 in
452 3189 490 3232 eo
517 3167 643 3250 patriae
672 3167 839 3230 consulere
869 3165 1002 3250 diceret,
1035 3167 1120 3250 quod

115 3257 235 3322 liberos
258 3277 324 3321 non
346 3257 552 3340 relinqueret,
575 3253 670 3319 ‘vide'
693 3255 801 3337 inquit
815 3253 866 3319 ‘ne
885 3258 922 3318 tu
942 3254 1034 3339 peius
1049 3277 1120 3320 oon·

115 3345 217 3428 sulas,
247 3345 302 3427 qui
331 3345 431 3408 talem
458 3365 497 3408 ex
525 3347 557 3407 te
584 3347 698 3406 natum
721 3342 894 3407 relicturus
919 3343 972 3408 sis.
1017 3357 1156 3424 nequer

114 3455 190 3508 vero
214 3433 314 3516 stirps
338 3436 447 3515 potest
470 3431 551 3496 mihi
574 3431 698 3496 deesse:
720 3452 860 3516 namque
883 3453 921 3496 ex
941 3452 992 3494 me
1010 3433 1121 3492 natam

114 3523 261 3605 relinquo
289 3541 430 3606 pugnam
459 3519 677 3602 Leuctricam,
710 3540 790 3600 quae
823 3541 889 3583 non
918 3516 1013 3582 modo
1041 3514 1122 3577 mihi
