<?xml version="1.0" encoding="UTF-8"?>
<!DOCTYPE html PUBLIC "-//W3C//DTD XHTML 1.0 Transitional//EN"
    "http://www.w3.org/TR/xhtml1/DTD/xhtml1-transitional.dtd">
<html xmlns="http://www.w3.org/1999/xhtml" xml:lang="en" lang="en">
 <head>
  <title>
</title>
<meta http-equiv="Content-Type" content="text/html;charset=utf-8" />
  <meta name='ocr-system' content='tesseract 3.04.00' />
  <meta name='ocr-capabilities' content='ocr_page ocr_carea ocr_par ocr_line ocrx_word'/>
</head>
<body>
  <div class='ocr_page' id='page_1' title='image "./corneliinepotis21nepogoog_0090.png"; bbox 0 0 2596 3910; ppageno 0'>
   <div class='ocr_carea' id='block_1_1' title="bbox 436 228 1160 295">
    <p class='ocr_par' dir='ltr' id='par_1_1' title="bbox 436 228 1160 295">
     <span class='ocr_line' id='line_1_1' title="bbox 436 228 1160 295; baseline 0.015 -11"><span class='ocrx_word' id='word_1_1' title='bbox 436 228 536 284; x_wconf 80' lang='lat' dir='ltr'>xvffl.</span> <span class='ocrx_word' id='word_1_2' title='bbox 555 229 737 286; x_wconf 74' lang='lat' dir='ltr'>sullanae.</span> <span class='ocrx_word' id='word_1_3' title='bbox 765 236 805 287; x_wconf 82' lang='lat' dir='ltr'>ra.</span> <span class='ocrx_word' id='word_1_4' title='bbox 826 237 867 287; x_wconf 84' lang='lat' dir='ltr'>re.</span> <span class='ocrx_word' id='word_1_5' title='bbox 1118 231 1160 295; x_wconf 77' lang='lat'>79</span> 
     </span>
    </p>
   </div>
   <div class='ocr_carea' id='block_1_2' title="bbox 153 373 1161 526">
    <p class='ocr_par' dir='ltr' id='par_1_2' title="bbox 153 373 1161 526">
     <span class='ocr_line' id='line_1_2' title="bbox 153 373 1161 462; baseline 0.002 -24"><span class='ocrx_word' id='word_1_6' title='bbox 153 377 261 438; x_wconf 88' lang='lat' dir='ltr'>castra</span> <span class='ocrx_word' id='word_1_7' title='bbox 287 377 507 459; x_wconf 85' lang='lat' dir='ltr'>moverentur,</span> <span class='ocrx_word' id='word_1_8' title='bbox 534 373 692 440; x_wconf 77' lang='lat' dir='ltr'><strong>insciente</strong></span> <span class='ocrx_word' id='word_1_9' title='bbox 720 375 887 461; x_wconf 89' lang='lat' dir='ltr'>Antigono</span> <span class='ocrx_word' id='word_1_10' title='bbox 915 376 1081 462; x_wconf 88' lang='lat' dir='ltr'>iugulatus</span> <span class='ocrx_word' id='word_1_11' title='bbox 1109 381 1161 442; x_wconf 90' lang='lat' dir='ltr'>est</span> 
     </span>
     <span class='ocr_line' id='line_1_3' title="bbox 154 461 393 526; baseline 0 -1"><span class='ocrx_word' id='word_1_12' title='bbox 154 483 173 525; x_wconf 87' lang='lat' dir='ltr'>a</span> <span class='ocrx_word' id='word_1_13' title='bbox 196 461 393 526; x_wconf 90' lang='lat' dir='ltr'>custodibus.</span> 
     </span>
    </p>
   </div>
   <div class='ocr_carea' id='block_1_3' title="bbox 242 546 1212 638">
    <p class='ocr_par' dir='ltr' id='par_1_3' title="bbox 242 546 1212 638">
     <span class='ocr_line' id='line_1_4' title="bbox 242 546 1212 638; baseline 0.004 -24"><span class='ocrx_word' id='word_1_14' title='bbox 242 546 295 614; x_wconf 82' lang='lat' dir='ltr'>Sic</span> <span class='ocrx_word' id='word_1_15' title='bbox 322 547 486 614; x_wconf 81' lang='lat' dir='ltr'><strong>Eumenes</strong></span> <span class='ocrx_word' id='word_1_16' title='bbox 514 571 672 614; x_wconf 89' lang='lat' dir='ltr'>annorum</span> <span class='ocrx_word' id='word_1_17' title='bbox 700 551 843 635; x_wconf 90' lang='lat' dir='ltr'>quinque</span> <span class='ocrx_word' id='word_1_18' title='bbox 870 555 904 617; x_wconf 90' lang='lat' dir='ltr'>ct</span> <span class='ocrx_word' id='word_1_19' title='bbox 936 551 1159 638; x_wconf 86' lang='lat' dir='ltr'>quadraginta,</span> <span class='ocrx_word' id='word_1_20' title='bbox 1173 554 1212 618; x_wconf 85' lang='lat'>13</span> 
     </span>
    </p>
   </div>
   <div class='ocr_carea' id='block_1_4' title="bbox 150 637 1195 2571">
    <p class='ocr_par' dir='ltr' id='par_1_4' title="bbox 150 637 1195 2571">
     <span class='ocr_line' id='line_1_5' title="bbox 152 637 1161 725; baseline 0.003 -24"><span class='ocrx_word' id='word_1_21' title='bbox 152 658 225 702; x_wconf 87' lang='lat' dir='ltr'>cum</span> <span class='ocrx_word' id='word_1_22' title='bbox 249 637 290 701; x_wconf 92' lang='lat' dir='ltr'>ab</span> <span class='ocrx_word' id='word_1_23' title='bbox 314 658 398 702; x_wconf 88' lang='lat' dir='ltr'>anno</span> <span class='ocrx_word' id='word_1_24' title='bbox 422 637 585 722; x_wconf 85' lang='lat' dir='ltr'>vicesimo,</span> <span class='ocrx_word' id='word_1_25' title='bbox 608 639 658 703; x_wconf 90' lang='lat' dir='ltr'>uti</span> <span class='ocrx_word' id='word_1_26' title='bbox 681 659 779 723; x_wconf 89' lang='lat' dir='ltr'>supra</span> <span class='ocrx_word' id='word_1_27' title='bbox 802 640 1012 725; x_wconf 82' lang='lat' dir='ltr'>ostendimus,</span> <span class='ocrx_word' id='word_1_28' title='bbox 1035 643 1161 722; x_wconf 90' lang='lat' dir='ltr'>septem</span> 
     </span>
     <span class='ocr_line' id='line_1_6' title="bbox 152 723 1160 812; baseline 0.002 -22"><span class='ocrx_word' id='word_1_29' title='bbox 152 746 253 790; x_wconf 88' lang='lat' dir='ltr'>annos</span> <span class='ocrx_word' id='word_1_30' title='bbox 268 723 421 809; x_wconf 91' lang='lat' dir='ltr'>Philippo</span> <span class='ocrx_word' id='word_1_31' title='bbox 437 725 650 810; x_wconf 71' lang='lat' dir='ltr'>apparuisset,</span> <span class='ocrx_word' id='word_1_32' title='bbox 668 726 824 792; x_wconf 75' lang='lat' dir='ltr'>tredecim</span> <span class='ocrx_word' id='word_1_33' title='bbox 841 727 926 812; x_wconf 91' lang='lat' dir='ltr'>apud</span> <span class='ocrx_word' id='word_1_34' title='bbox 939 726 1160 792; x_wconf 85' lang='lat' dir='ltr'>Alexandrum</span> 
     </span>
     <span class='ocr_line' id='line_1_7' title="bbox 152 812 1160 900; baseline 0.002 -22"><span class='ocrx_word' id='word_1_35' title='bbox 152 812 289 878; x_wconf 88' lang='lat' dir='ltr'>cundem</span> <span class='ocrx_word' id='word_1_36' title='bbox 311 813 419 878; x_wconf 92' lang='lat' dir='ltr'>locum</span> <span class='ocrx_word' id='word_1_37' title='bbox 443 813 649 898; x_wconf 73' lang='lat' dir='ltr'>obtinuisset,</span> <span class='ocrx_word' id='word_1_38' title='bbox 672 815 776 880; x_wconf 88' lang='lat' dir='ltr'>ineis</span> <span class='ocrx_word' id='word_1_39' title='bbox 799 837 901 880; x_wconf 90' lang='lat' dir='ltr'>unum</span> <span class='ocrx_word' id='word_1_40' title='bbox 924 815 1071 900; x_wconf 86' lang='lat' dir='ltr'>equitum</span> <span class='ocrx_word' id='word_1_41' title='bbox 1089 815 1160 880; x_wconf 88' lang='lat' dir='ltr'>alae</span> 
     </span>
     <span class='ocr_line' id='line_1_8' title="bbox 150 901 1160 989; baseline 0.003 -24"><span class='ocrx_word' id='word_1_42' title='bbox 150 901 356 986; x_wconf 82' lang='lat' dir='ltr'>praefuisset,</span> <span class='ocrx_word' id='word_1_43' title='bbox 378 905 455 984; x_wconf 90' lang='lat' dir='ltr'>post</span> <span class='ocrx_word' id='word_1_44' title='bbox 478 905 587 967; x_wconf 88' lang='lat' dir='ltr'>autem</span> <span class='ocrx_word' id='word_1_45' title='bbox 605 901 781 968; x_wconf 83' lang='lat' dir='ltr'>Alexandri</span> <span class='ocrx_word' id='word_1_46' title='bbox 804 901 918 989; x_wconf 90' lang='lat' dir='ltr'>Magni</span> <span class='ocrx_word' id='word_1_47' title='bbox 940 906 1080 968; x_wconf 91' lang='lat' dir='ltr'>mortem</span> <span class='ocrx_word' id='word_1_48' title='bbox 1102 903 1160 967; x_wconf 91' lang='lat' dir='ltr'>im·</span> 
     </span>
     <span class='ocr_line' id='line_1_9' title="bbox 151 989 1160 1076; baseline 0.001 -23"><span class='ocrx_word' id='word_1_49' title='bbox 151 993 284 1073; x_wconf 87' lang='lat' dir='ltr'>perator</span> <span class='ocrx_word' id='word_1_50' title='bbox 316 989 474 1055; x_wconf 89' lang='lat' dir='ltr'>exercitus</span> <span class='ocrx_word' id='word_1_51' title='bbox 507 990 652 1055; x_wconf 89' lang='lat' dir='ltr'>duxisset</span> <span class='ocrx_word' id='word_1_52' title='bbox 679 1013 886 1076; x_wconf 88' lang='lat' dir='ltr'>summosque</span> <span class='ocrx_word' id='word_1_53' title='bbox 915 991 1011 1058; x_wconf 91' lang='lat' dir='ltr'>duces</span> <span class='ocrx_word' id='word_1_54' title='bbox 1038 991 1160 1076; x_wconf 87' lang='lat' dir='ltr'>partim</span> 
     </span>
     <span class='ocr_line' id='line_1_10' title="bbox 151 1076 1160 1166; baseline 0.004 -26"><span class='ocrx_word' id='word_1_55' title='bbox 151 1076 357 1161; x_wconf 90' lang='lat' dir='ltr'>reppulisset‚</span> <span class='ocrx_word' id='word_1_56' title='bbox 378 1077 501 1162; x_wconf 90' lang='lat' dir='ltr'>partim</span> <span class='ocrx_word' id='word_1_57' title='bbox 522 1077 754 1164; x_wconf 82' lang='lat' dir='ltr'>interfecisset,</span> <span class='ocrx_word' id='word_1_58' title='bbox 777 1084 890 1163; x_wconf 88' lang='lat' dir='ltr'>captus</span> <span class='ocrx_word' id='word_1_59' title='bbox 912 1102 979 1145; x_wconf 89' lang='lat' dir='ltr'>non</span> <span class='ocrx_word' id='word_1_60' title='bbox 1000 1078 1160 1166; x_wconf 79' lang='lat' dir='ltr'>Antigoni</span> 
     </span>
     <span class='ocr_line' id='line_1_11' title="bbox 151 1163 1160 1250; baseline 0.004 -23"><span class='ocrx_word' id='word_1_61' title='bbox 151 1164 283 1249; x_wconf 79' lang='lat' dir='ltr'>virtute,</span> <span class='ocrx_word' id='word_1_62' title='bbox 306 1165 362 1236; x_wconf 86' lang='lat' dir='ltr'>sed</span> <span class='ocrx_word' id='word_1_63' title='bbox 380 1163 593 1231; x_wconf 82' lang='lat' dir='ltr'>Macedonum</span> <span class='ocrx_word' id='word_1_64' title='bbox 615 1167 758 1250; x_wconf 91' lang='lat' dir='ltr'>periurio</span> <span class='ocrx_word' id='word_1_65' title='bbox 782 1167 882 1231; x_wconf 91' lang='lat' dir='ltr'>talem</span> <span class='ocrx_word' id='word_1_66' title='bbox 903 1167 1020 1232; x_wconf 91' lang='lat' dir='ltr'>habuit</span> <span class='ocrx_word' id='word_1_67' title='bbox 1036 1168 1160 1232; x_wconf 86' lang='lat' dir='ltr'>exitum</span> 
     </span>
     <span class='ocr_line' id='line_1_12' title="bbox 151 1245 1194 1338; baseline 0.001 -22"><span class='ocrx_word' id='word_1_68' title='bbox 151 1251 248 1317; x_wconf 82' lang='lat' dir='ltr'>ritae.</span> <span class='ocrx_word' id='word_1_69' title='bbox 292 1252 328 1317; x_wconf 93' lang='lat' dir='ltr'>in</span> <span class='ocrx_word' id='word_1_70' title='bbox 355 1274 419 1336; x_wconf 94' lang='lat' dir='ltr'>quo</span> <span class='ocrx_word' id='word_1_71' title='bbox 448 1257 570 1337; x_wconf 86' lang='lat' dir='ltr'>quanta</span> <span class='ocrx_word' id='word_1_72' title='bbox 598 1254 743 1318; x_wconf 91' lang='lat' dir='ltr'>omnium</span> <span class='ocrx_word' id='word_1_73' title='bbox 772 1254 872 1318; x_wconf 89' lang='lat' dir='ltr'>fuerit</span> <span class='ocrx_word' id='word_1_74' title='bbox 899 1245 1016 1338; x_wconf 75' lang='lat' dir='ltr'>opinio’</span> <span class='ocrx_word' id='word_1_75' title='bbox 1038 1271 1194 1338; x_wconf 84' lang='lat' dir='ltr'>eorum,a</span> 
     </span>
     <span class='ocr_line' id='line_1_13' title="bbox 153 1339 1160 1427; baseline -0.001 -22"><span class='ocrx_word' id='word_1_76' title='bbox 153 1340 209 1424; x_wconf 91' lang='lat' dir='ltr'>qui</span> <span class='ocrx_word' id='word_1_77' title='bbox 235 1344 312 1424; x_wconf 91' lang='lat' dir='ltr'>post</span> <span class='ocrx_word' id='word_1_78' title='bbox 334 1339 556 1405; x_wconf 84' lang='lat' dir='ltr'>Alexandrum</span> <span class='ocrx_word' id='word_1_79' title='bbox 582 1339 740 1426; x_wconf 89' lang='lat' dir='ltr'>Magnum</span> <span class='ocrx_word' id='word_1_80' title='bbox 769 1362 862 1427; x_wconf 87' lang='lat' dir='ltr'>reges</span> <span class='ocrx_word' id='word_1_81' title='bbox 891 1346 967 1406; x_wconf 91' lang='lat' dir='ltr'>sunt</span> <span class='ocrx_word' id='word_1_82' title='bbox 994 1341 1160 1426; x_wconf 87' lang='lat' dir='ltr'>appellati,</span> 
     </span>
     <span class='ocr_line' id='line_1_14' title="bbox 152 1427 1159 1514; baseline 0 -21"><span class='ocrx_word' id='word_1_83' title='bbox 152 1450 191 1493; x_wconf 87' lang='lat' dir='ltr'>ex</span> <span class='ocrx_word' id='word_1_84' title='bbox 213 1428 276 1494; x_wconf 93' lang='lat' dir='ltr'>hcc</span> <span class='ocrx_word' id='word_1_85' title='bbox 299 1427 453 1493; x_wconf 84' lang='lat' dir='ltr'>facillime</span> <span class='ocrx_word' id='word_1_86' title='bbox 475 1431 587 1512; x_wconf 88' lang='lat' dir='ltr'>potest</span> <span class='ocrx_word' id='word_1_87' title='bbox 609 1428 759 1514; x_wconf 90' lang='lat' dir='ltr'>iudicari,</span> <span class='ocrx_word' id='word_1_88' title='bbox 786 1429 885 1513; x_wconf 88' lang='lat' dir='ltr'>quod,</span> <span class='ocrx_word' id='word_1_89' title='bbox 912 1446 1042 1512; x_wconf 78' lang='lat' dir='ltr'>quoram</span> <span class='ocrx_word' id='word_1_90' title='bbox 1063 1449 1159 1494; x_wconf 89' lang='lat' dir='ltr'>nemo</span> 
     </span>
     <span class='ocr_line' id='line_1_15' title="bbox 151 1515 1194 1602; baseline 0 -21"><span class='ocrx_word' id='word_1_91' title='bbox 151 1515 296 1582; x_wconf 85' lang='lat' dir='ltr'>Eumene</span> <span class='ocrx_word' id='word_1_92' title='bbox 314 1517 388 1582; x_wconf 83' lang='lat' dir='ltr'>vivo</span> <span class='ocrx_word' id='word_1_93' title='bbox 407 1537 464 1581; x_wconf 89' lang='lat' dir='ltr'>rex</span> <span class='ocrx_word' id='word_1_94' title='bbox 483 1517 666 1602; x_wconf 87' lang='lat' dir='ltr'>appellatus</span> <span class='ocrx_word' id='word_1_95' title='bbox 685 1521 744 1602; x_wconf 91' lang='lat' dir='ltr'>est,</span> <span class='ocrx_word' id='word_1_96' title='bbox 768 1517 824 1583; x_wconf 90' lang='lat' dir='ltr'>sed</span> <span class='ocrx_word' id='word_1_97' title='bbox 841 1516 1035 1602; x_wconf 89' lang='lat' dir='ltr'>praefectus,</span> <span class='ocrx_word' id='word_1_98' title='bbox 1055 1517 1160 1582; x_wconf 92' lang='lat' dir='ltr'>eidem</span> <span class='ocrx_word' id='word_1_99' title='bbox 1178 1534 1194 1581; x_wconf 83' lang='lat'><strong>3</strong></span> 
     </span>
     <span class='ocr_line' id='line_1_16' title="bbox 150 1605 1160 1692; baseline 0 -22"><span class='ocrx_word' id='word_1_100' title='bbox 150 1609 227 1689; x_wconf 90' lang='lat' dir='ltr'>post</span> <span class='ocrx_word' id='word_1_101' title='bbox 253 1605 350 1670; x_wconf 87' lang='lat' dir='ltr'>huius</span> <span class='ocrx_word' id='word_1_102' title='bbox 378 1625 530 1670; x_wconf 87' lang='lat' dir='ltr'>occasum</span> <span class='ocrx_word' id='word_1_103' title='bbox 558 1605 672 1670; x_wconf 91' lang='lat' dir='ltr'>statim</span> <span class='ocrx_word' id='word_1_104' title='bbox 699 1606 826 1692; x_wconf 88' lang='lat' dir='ltr'>regium</span> <span class='ocrx_word' id='word_1_105' title='bbox 849 1609 1001 1672; x_wconf 90' lang='lat' dir='ltr'>ornatum</span> <span class='ocrx_word' id='word_1_106' title='bbox 1030 1626 1160 1670; x_wconf 91' lang='lat' dir='ltr'>nomen-</span> 
     </span>
     <span class='ocr_line' id='line_1_17' title="bbox 152 1694 1159 1779; baseline 0.002 -23"><span class='ocrx_word' id='word_1_107' title='bbox 152 1714 214 1776; x_wconf 88' lang='lat' dir='ltr'>que</span> <span class='ocrx_word' id='word_1_108' title='bbox 243 1697 451 1776; x_wconf 89' lang='lat' dir='ltr'>sumpscrunt</span> <span class='ocrx_word' id='word_1_109' title='bbox 477 1714 596 1779; x_wconf 89' lang='lat' dir='ltr'>neque,</span> <span class='ocrx_word' id='word_1_110' title='bbox 623 1694 709 1778; x_wconf 92' lang='lat' dir='ltr'>quod</span> <span class='ocrx_word' id='word_1_111' title='bbox 738 1694 834 1760; x_wconf 88' lang='lat' dir='ltr'>initio</span> <span class='ocrx_word' id='word_1_112' title='bbox 857 1694 1098 1779; x_wconf 87' lang='lat' dir='ltr'>praedicarant,</span> <span class='ocrx_word' id='word_1_113' title='bbox 1125 1714 1159 1758; x_wconf 91' lang='lat' dir='ltr'>sc</span> 
     </span>
     <span class='ocr_line' id='line_1_18' title="bbox 151 1779 1161 1867; baseline 0.001 -23"><span class='ocrx_word' id='word_1_114' title='bbox 151 1779 329 1844; x_wconf 87' lang='lat' dir='ltr'>Alexandri</span> <span class='ocrx_word' id='word_1_115' title='bbox 351 1780 463 1845; x_wconf 89' lang='lat' dir='ltr'>liberis</span> <span class='ocrx_word' id='word_1_116' title='bbox 486 1801 622 1866; x_wconf 86' lang='lat' dir='ltr'>regnum</span> <span class='ocrx_word' id='word_1_117' title='bbox 643 1803 781 1867; x_wconf 83' lang='lat' dir='ltr'>serrare,</span> <span class='ocrx_word' id='word_1_118' title='bbox 802 1786 970 1867; x_wconf 86' lang='lat' dir='ltr'>praestare</span> <span class='ocrx_word' id='word_1_119' title='bbox 988 1783 1161 1848; x_wconf 86' lang='lat' dir='ltr'>volucrunt</span> 
     </span>
     <span class='ocr_line' id='line_1_19' title="bbox 152 1867 1161 1954; baseline 0.001 -21"><span class='ocrx_word' id='word_1_120' title='bbox 152 1872 186 1933; x_wconf 89' lang='lat' dir='ltr'>ct</span> <span class='ocrx_word' id='word_1_121' title='bbox 212 1867 266 1933; x_wconf 74' lang='lat' dir='ltr'>aa</span> <span class='ocrx_word' id='word_1_122' title='bbox 291 1888 356 1931; x_wconf 92' lang='lat' dir='ltr'>uno</span> <span class='ocrx_word' id='word_1_123' title='bbox 383 1873 624 1952; x_wconf 77' lang='lat' dir='ltr'>propugnatore</span> <span class='ocrx_word' id='word_1_124' title='bbox 652 1869 781 1934; x_wconf 91' lang='lat' dir='ltr'>sublato</span> <span class='ocrx_word' id='word_1_125' title='bbox 805 1869 883 1954; x_wconf 89' lang='lat' dir='ltr'>quid</span> <span class='ocrx_word' id='word_1_126' title='bbox 905 1871 1066 1936; x_wconf 87' lang='lat' dir='ltr'>sentirent</span> <span class='ocrx_word' id='word_1_127' title='bbox 1088 1892 1161 1954; x_wconf 86' lang='lat' dir='ltr'>ape-</span> 
     </span>
     <span class='ocr_line' id='line_1_20' title="bbox 152 1953 1160 2042; baseline 0 -22"><span class='ocrx_word' id='word_1_128' title='bbox 152 1959 296 2020; x_wconf 87' lang='lat' dir='ltr'>ruerunt.</span> <span class='ocrx_word' id='word_1_129' title='bbox 340 1953 438 2019; x_wconf 92' lang='lat' dir='ltr'>huius</span> <span class='ocrx_word' id='word_1_130' title='bbox 462 1955 592 2020; x_wconf 89' lang='lat' dir='ltr'>sceleris</span> <span class='ocrx_word' id='word_1_131' title='bbox 620 1955 783 2040; x_wconf 87' lang='lat' dir='ltr'>principes</span> <span class='ocrx_word' id='word_1_132' title='bbox 810 1956 942 2022; x_wconf 79' lang='lat' dir='ltr'>fuerimt</span> <span class='ocrx_word' id='word_1_133' title='bbox 964 1955 1160 2042; x_wconf 86' lang='lat' dir='ltr'>Antigonus,</span> 
     </span>
     <span class='ocr_line' id='line_1_21' title="bbox 152 2039 1195 2128; baseline 0 -20"><span class='ocrx_word' id='word_1_134' title='bbox 152 2043 370 2127; x_wconf 88' lang='lat' dir='ltr'>Ptolemaeus,</span> <span class='ocrx_word' id='word_1_135' title='bbox 394 2039 556 2126; x_wconf 82' lang='lat' dir='ltr'>Seleucus,</span> <span class='ocrx_word' id='word_1_136' title='bbox 578 2041 801 2128; x_wconf 86' lang='lat' dir='ltr'>Lysimachus,</span> <span class='ocrx_word' id='word_1_137' title='bbox 824 2041 1032 2109; x_wconf 79' lang='lat' dir='ltr'>Cassandrus.</span> <span class='ocrx_word' id='word_1_138' title='bbox 1067 2042 1195 2108; x_wconf 82' lang='lat' dir='ltr'>Anti-4</span> 
     </span>
     <span class='ocr_line' id='line_1_22' title="bbox 152 2128 1161 2218; baseline -0.001 -21"><span class='ocrx_word' id='word_1_139' title='bbox 152 2153 256 2218; x_wconf 85' lang='lat' dir='ltr'>genus</span> <span class='ocrx_word' id='word_1_140' title='bbox 281 2134 390 2196; x_wconf 89' lang='lat' dir='ltr'>autem</span> <span class='ocrx_word' id='word_1_141' title='bbox 412 2128 593 2196; x_wconf 79' lang='lat' dir='ltr'>Eumenem</span> <span class='ocrx_word' id='word_1_142' title='bbox 615 2134 782 2196; x_wconf 86' lang='lat' dir='ltr'>mortuum</span> <span class='ocrx_word' id='word_1_143' title='bbox 806 2129 997 2216; x_wconf 88' lang='lat' dir='ltr'>propinquis</span> <span class='ocrx_word' id='word_1_144' title='bbox 1021 2131 1090 2196; x_wconf 90' lang='lat' dir='ltr'>eius</span> <span class='ocrx_word' id='word_1_145' title='bbox 1114 2153 1161 2196; x_wconf 88' lang='lat' dir='ltr'>se-</span> 
     </span>
     <span class='ocr_line' id='line_1_23' title="bbox 151 2217 1161 2307; baseline -0.001 -22"><span class='ocrx_word' id='word_1_146' title='bbox 151 2219 337 2307; x_wconf 90' lang='lat' dir='ltr'>peliendum</span> <span class='ocrx_word' id='word_1_147' title='bbox 360 2217 503 2283; x_wconf 88' lang='lat' dir='ltr'>tradidit.</span> <span class='ocrx_word' id='word_1_148' title='bbox 539 2218 564 2282; x_wconf 94' lang='lat' dir='ltr'>ii</span> <span class='ocrx_word' id='word_1_149' title='bbox 586 2218 723 2284; x_wconf 89' lang='lat' dir='ltr'>militari</span> <span class='ocrx_word' id='word_1_150' title='bbox 745 2218 948 2303; x_wconf 88' lang='lat' dir='ltr'>honestoque</span> <span class='ocrx_word' id='word_1_151' title='bbox 966 2218 1088 2304; x_wconf 86' lang='lat' dir='ltr'>funere,</span> <span class='ocrx_word' id='word_1_152' title='bbox 1111 2240 1161 2285; x_wconf 90' lang='lat' dir='ltr'>co·</span> 
     </span>
     <span class='ocr_line' id='line_1_24' title="bbox 152 2305 1161 2391; baseline -0.002 -17"><span class='ocrx_word' id='word_1_153' title='bbox 152 2310 291 2374; x_wconf 90' lang='lat' dir='ltr'>mitante</span> <span class='ocrx_word' id='word_1_154' title='bbox 324 2310 396 2372; x_wconf 91' lang='lat' dir='ltr'>tcto</span> <span class='ocrx_word' id='word_1_155' title='bbox 427 2305 584 2390; x_wconf 87' lang='lat' dir='ltr'>exercitu,</span> <span class='ocrx_word' id='word_1_156' title='bbox 615 2306 832 2372; x_wconf 88' lang='lat' dir='ltr'>humaverunt</span> <span class='ocrx_word' id='word_1_157' title='bbox 864 2328 1002 2391; x_wconf 87' lang='lat' dir='ltr'>ossaque</span> <span class='ocrx_word' id='word_1_158' title='bbox 1029 2307 1098 2374; x_wconf 87' lang='lat' dir='ltr'>eius</span> <span class='ocrx_word' id='word_1_159' title='bbox 1126 2307 1161 2372; x_wconf 91' lang='lat' dir='ltr'>in</span> 
     </span>
     <span class='ocr_line' id='line_1_25' title="bbox 152 2394 1160 2483; baseline -0.004 -20"><span class='ocrx_word' id='word_1_160' title='bbox 152 2395 391 2483; x_wconf 80' lang='lat' dir='ltr'>Cappadociam</span> <span class='ocrx_word' id='word_1_161' title='bbox 405 2394 445 2459; x_wconf 90' lang='lat' dir='ltr'>ad</span> <span class='ocrx_word' id='word_1_162' title='bbox 463 2397 603 2462; x_wconf 89' lang='lat' dir='ltr'>matrem</span> <span class='ocrx_word' id='word_1_163' title='bbox 621 2397 719 2479; x_wconf 89' lang='lat' dir='ltr'>atque</span> <span class='ocrx_word' id='word_1_164' title='bbox 737 2417 871 2462; x_wconf 84' lang='lat' dir='ltr'>uxorem</span> <span class='ocrx_word' id='word_1_165' title='bbox 888 2395 1073 2480; x_wconf 89' lang='lat' dir='ltr'>liberosque</span> <span class='ocrx_word' id='word_1_166' title='bbox 1091 2395 1160 2461; x_wconf 89' lang='lat' dir='ltr'>eius</span> 
     </span>
     <span class='ocr_line' id='line_1_26' title="bbox 152 2483 538 2571; baseline -0.005 -21"><span class='ocrx_word' id='word_1_167' title='bbox 152 2483 352 2571; x_wconf 89' lang='lat' dir='ltr'>deportanda</span> <span class='ocrx_word' id='word_1_168' title='bbox 375 2487 538 2550; x_wconf 88' lang='lat' dir='ltr'>curarunt.</span> 
     </span>
    </p>
   </div>
   <div class='ocr_carea' id='block_1_5' title="bbox 479 2783 824 2857">
    <p class='ocr_par' dir='ltr' id='par_1_5' title="bbox 479 2783 824 2857">
     <span class='ocr_line' id='line_1_27' title="bbox 479 2783 824 2857; baseline 0.003 -1"><span class='ocrx_word' id='word_1_169' title='bbox 479 2784 574 2857; x_wconf 86' lang='lat' dir='ltr'>XIX.</span> <span class='ocrx_word' id='word_1_170' title='bbox 606 2783 824 2857; x_wconf 82' lang='lat' dir='ltr'><strong>PHOOION.</strong></span> 
     </span>
    </p>
   </div>
   <div class='ocr_carea' id='block_1_6' title="bbox 152 2920 1292 3627">
    <p class='ocr_par' dir='ltr' id='par_1_6' title="bbox 152 2920 1292 3627">
     <span class='ocr_line' id='line_1_28' title="bbox 241 2920 1197 3005; baseline -0.002 -17"><span class='ocrx_word' id='word_1_171' title='bbox 241 2923 387 2990; x_wconf 91' lang='lat' dir='ltr'>Phocion</span> <span class='ocrx_word' id='word_1_172' title='bbox 409 2922 619 2989; x_wconf 88' lang='lat' dir='ltr'>Atheniensis</span> <span class='ocrx_word' id='word_1_173' title='bbox 642 2922 705 2986; x_wconf 91' lang='lat' dir='ltr'>etsi</span> <span class='ocrx_word' id='word_1_174' title='bbox 729 2943 824 3005; x_wconf 91' lang='lat' dir='ltr'>saepe</span> <span class='ocrx_word' id='word_1_175' title='bbox 847 2920 1042 2986; x_wconf 87' lang='lat' dir='ltr'>exercitibus</span> <span class='ocrx_word' id='word_1_176' title='bbox 1070 2923 1197 3004; x_wconf 88' lang='lat' dir='ltr'>prae-l</span> 
     </span>
     <span class='ocr_line' id='line_1_29' title="bbox 153 3007 1159 3096; baseline -0.005 -17"><span class='ocrx_word' id='word_1_177' title='bbox 153 3014 217 3079; x_wconf 90' lang='lat' dir='ltr'>fuit</span> <span class='ocrx_word' id='word_1_178' title='bbox 238 3033 446 3096; x_wconf 90' lang='lat' dir='ltr'>summosque</span> <span class='ocrx_word' id='word_1_179' title='bbox 469 3010 683 3096; x_wconf 82' lang='lat' dir='ltr'>magistratus</span> <span class='ocrx_word' id='word_1_180' title='bbox 707 3009 806 3094; x_wconf 87' lang='lat' dir='ltr'>cepit,</span> <span class='ocrx_word' id='word_1_181' title='bbox 829 3013 941 3074; x_wconf 90' lang='lat' dir='ltr'>tamen</span> <span class='ocrx_word' id='word_1_182' title='bbox 962 3007 1067 3072; x_wconf 88' lang='lat' dir='ltr'>multo</span> <span class='ocrx_word' id='word_1_183' title='bbox 1091 3008 1159 3074; x_wconf 91' lang='lat' dir='ltr'>eius</span> 
     </span>
     <span class='ocr_line' id='line_1_30' title="bbox 152 3095 1159 3186; baseline -0.004 -20"><span class='ocrx_word' id='word_1_184' title='bbox 152 3101 262 3166; x_wconf 88' lang='lat' dir='ltr'>notior</span> <span class='ocrx_word' id='word_1_185' title='bbox 289 3105 340 3167; x_wconf 90' lang='lat' dir='ltr'>cst</span> <span class='ocrx_word' id='word_1_186' title='bbox 366 3099 539 3186; x_wconf 86' lang='lat' dir='ltr'>integritas</span> <span class='ocrx_word' id='word_1_187' title='bbox 567 3098 653 3164; x_wconf 87' lang='lat' dir='ltr'>ritae</span> <span class='ocrx_word' id='word_1_188' title='bbox 681 3119 779 3182; x_wconf 92' lang='lat' dir='ltr'>quam</span> <span class='ocrx_word' id='word_1_189' title='bbox 806 3097 854 3162; x_wconf 90' lang='lat' dir='ltr'>rei</span> <span class='ocrx_word' id='word_1_190' title='bbox 881 3095 1034 3162; x_wconf 90' lang='lat' dir='ltr'>militaris</span> <span class='ocrx_word' id='word_1_191' title='bbox 1057 3096 1159 3162; x_wconf 90' lang='lat' dir='ltr'>labor.</span> 
     </span>
     <span class='ocr_line' id='line_1_31' title="bbox 152 3185 1292 3272; baseline 0 -20"><span class='ocrx_word' id='word_1_192' title='bbox 152 3190 263 3272; x_wconf 88' lang='lat' dir='ltr'>itaque</span> <span class='ocrx_word' id='word_1_193' title='bbox 284 3188 381 3253; x_wconf 89' lang='lat' dir='ltr'>huius</span> <span class='ocrx_word' id='word_1_194' title='bbox 405 3186 563 3252; x_wconf 87' lang='lat' dir='ltr'>memoria</span> <span class='ocrx_word' id='word_1_195' title='bbox 585 3190 636 3252; x_wconf 89' lang='lat' dir='ltr'>est</span> <span class='ocrx_word' id='word_1_196' title='bbox 657 3186 761 3270; x_wconf 88' lang='lat' dir='ltr'>nulla,</span> <span class='ocrx_word' id='word_1_197' title='bbox 791 3185 880 3250; x_wconf 89' lang='lat' dir='ltr'>illius</span> <span class='ocrx_word' id='word_1_198' title='bbox 908 3188 1017 3251; x_wconf 91' lang='lat' dir='ltr'>autem</span> <span class='ocrx_word' id='word_1_199' title='bbox 1040 3205 1160 3272; x_wconf 86' lang='lat' dir='ltr'>magna</span> <span class='ocrx_word' id='word_1_200' title='bbox 1291 3249 1292 3252; x_wconf 74' lang='grc'>,</span> 
     </span>
     <span class='ocr_line' id='line_1_32' title="bbox 153 3273 1292 3362; baseline -0.004 -22"><span class='ocrx_word' id='word_1_201' title='bbox 153 3276 253 3362; x_wconf 87' lang='lat' dir='ltr'>fama,</span> <span class='ocrx_word' id='word_1_202' title='bbox 281 3297 320 3341; x_wconf 87' lang='lat' dir='ltr'>ex</span> <span class='ocrx_word' id='word_1_203' title='bbox 347 3297 411 3360; x_wconf 90' lang='lat' dir='ltr'>quo</span> <span class='ocrx_word' id='word_1_204' title='bbox 435 3275 627 3361; x_wconf 89' lang='lat' dir='ltr'>cognomine</span> <span class='ocrx_word' id='word_1_205' title='bbox 649 3273 761 3338; x_wconf 91' lang='lat' dir='ltr'>Bonus</span> <span class='ocrx_word' id='word_1_206' title='bbox 784 3277 835 3339; x_wconf 89' lang='lat' dir='ltr'>est</span> <span class='ocrx_word' id='word_1_207' title='bbox 858 3273 1050 3358; x_wconf 88' lang='lat' dir='ltr'>appellatus.</span> <span class='ocrx_word' id='word_1_208' title='bbox 1095 3273 1194 3338; x_wconf 83' lang='lat' dir='ltr'>fuita</span> <span class='ocrx_word' id='word_1_209' title='bbox 1291 3279 1292 3354; x_wconf 62' lang='lat' dir='ltr'>l</span> 
     </span>
     <span class='ocr_line' id='line_1_33' title="bbox 153 3361 1292 3452; baseline -0.009 -21"><span class='ocrx_word' id='word_1_210' title='bbox 153 3365 240 3431; x_wconf 89' lang='lat' dir='ltr'>enim</span> <span class='ocrx_word' id='word_1_211' title='bbox 266 3367 423 3449; x_wconf 87' lang='lat' dir='ltr'>perpetuo</span> <span class='ocrx_word' id='word_1_212' title='bbox 450 3384 587 3448; x_wconf 90' lang='lat' dir='ltr'>pauper,</span> <span class='ocrx_word' id='word_1_213' title='bbox 615 3384 689 3428; x_wconf 92' lang='lat' dir='ltr'>cum</span> <span class='ocrx_word' id='word_1_214' title='bbox 716 3361 929 3428; x_wconf 83' lang='lat' dir='ltr'>divitissimus</span> <span class='ocrx_word' id='word_1_215' title='bbox 953 3383 1024 3427; x_wconf 90' lang='lat' dir='ltr'>esse</span> <span class='ocrx_word' id='word_1_216' title='bbox 1047 3363 1160 3446; x_wconf 91' lang='lat' dir='ltr'>posset</span> <span class='ocrx_word' id='word_1_217' title='bbox 1290 3389 1292 3452; x_wconf 72' lang='lat'>,</span> 
     </span>
     <span class='ocr_line' id='line_1_34' title="bbox 152 3451 1292 3538; baseline -0.008 -22"><span class='ocrx_word' id='word_1_218' title='bbox 152 3457 287 3538; x_wconf 87' lang='lat' dir='ltr'>propter</span> <span class='ocrx_word' id='word_1_219' title='bbox 305 3452 491 3536; x_wconf 87' lang='lat' dir='ltr'>frequentes</span> <span class='ocrx_word' id='word_1_220' title='bbox 510 3451 635 3516; x_wconf 88' lang='lat' dir='ltr'>delatos</span> <span class='ocrx_word' id='word_1_221' title='bbox 654 3451 793 3516; x_wconf 89' lang='lat' dir='ltr'>honores</span> <span class='ocrx_word' id='word_1_222' title='bbox 812 3453 1056 3536; x_wconf 88' lang='lat' dir='ltr'>potestatesque</span> <span class='ocrx_word' id='word_1_223' title='bbox 1075 3467 1160 3510; x_wconf 90' lang='lat' dir='ltr'>sum·</span> <span class='ocrx_word' id='word_1_224' title='bbox 1289 3453 1292 3508; x_wconf 71' lang='grc' dir='ltr'>ὲ</span> 
     </span>
     <span class='ocr_line' id='line_1_35' title="bbox 152 3539 1291 3627; baseline -0.009 -21"><span class='ocrx_word' id='word_1_225' title='bbox 152 3563 236 3627; x_wconf 87' lang='lat' dir='ltr'>mas,</span> <span class='ocrx_word' id='word_1_226' title='bbox 269 3562 351 3626; x_wconf 89' lang='lat' dir='ltr'>quae</span> <span class='ocrx_word' id='word_1_227' title='bbox 378 3540 408 3606; x_wconf 88' lang='lat' dir='ltr'>ei</span> <span class='ocrx_word' id='word_1_228' title='bbox 436 3561 456 3604; x_wconf 87' lang='lat' dir='ltr'>a</span> <span class='ocrx_word' id='word_1_229' title='bbox 481 3539 603 3624; x_wconf 92' lang='lat' dir='ltr'>populo</span> <span class='ocrx_word' id='word_1_230' title='bbox 631 3539 800 3604; x_wconf 85' lang='lat' dir='ltr'>dabantur.</span> <span class='ocrx_word' id='word_1_231' title='bbox 849 3539 903 3603; x_wconf 92' lang='lat' dir='ltr'>hic</span> <span class='ocrx_word' id='word_1_232' title='bbox 935 3557 1008 3601; x_wconf 91' lang='lat' dir='ltr'>cum</span> <span class='ocrx_word' id='word_1_233' title='bbox 1035 3556 1055 3599; x_wconf 92' lang='lat' dir='ltr'>a</span> <span class='ocrx_word' id='word_1_234' title='bbox 1082 3549 1193 3618; x_wconf 79' lang='lat' dir='ltr'>reges</span> <span class='ocrx_word' id='word_1_235' title='bbox 1290 3563 1291 3572; x_wconf 45' lang='lat'>¹</span> 
     </span>
    </p>
   </div>
   <div class='ocr_carea' id='block_1_7' title="bbox 0 0 1302 3910">
    <p class='ocr_par' dir='ltr' id='par_1_7' title="bbox 0 0 1302 3910">
     <span class='ocr_line' id='line_1_36' title="bbox 0 0 1302 3910; baseline 0 0"><span class='ocrx_word' id='word_1_236' title='bbox 0 0 1302 3910; x_wconf 95' lang='lat' dir='ltr'> </span> 
     </span>
    </p>
   </div>
  </div>
 </body>
</html>
