2596 3910
139 215 183 279 92
430 210 531 267 XXIII.
549 209 748 266 HANNIBAL.
776 215 853 265 5-7.

138 356 281 423 sustulit.
303 354 348 421 Μ.
362 353 537 423 Claudium
549 354 750 438 Marcellum,
764 355 955 439 quinquiens
969 358 1151 442 consulem,

102 446 225 530 capud
255 443 435 510 Venusiam
465 444 539 530 pari
569 444 666 509 modo
702 443 874 508 interfecit.
926 444 1065 545 longum
1097 451 1152 534 est

139 534 250 600 omnia
272 554 460 600 enumerare
482 533 615 617 proelia
649 553 749 614 quare
771 532 835 597 hoc
857 553 956 598 unum
979 533 1061 597 satis
1085 535 1153 599 erit

140 623 278 706 dictum,
305 643 345 686 ex
372 643 436 706 quo
463 621 611 704 intellegi
636 620 757 703 possit,
788 624 930 721 quantus
952 621 1008 685 ille
1035 621 1151 687 fuerit:

86 765 90 770 .
141 673 327 796 quamdiu
317 731 353 774 m
375 709 473 774 Italia
495 709 567 788 fuit,
588 728 683 770 nemo
706 707 737 770 ei
756 707 791 772 in
809 708 878 774 acie
897 709 1031 794 restitit,
1051 732 1151 775 nemo
1274 765 1275 768 ,

86 862 91 872 ,
142 799 295 864 adversus
331 819 405 862 eum
439 799 516 880 post
547 793 751 859 Cannensem
786 816 932 881 pugnam
968 798 1003 862 in
1034 819 1152 882 campo

141 891 250 952 castra
270 885 390 968 posuit

105 974 127 1038 6
228 971 313 1035 Hinc
331 971 471 1034 invictus
489 970 632 1053 patriam
650 969 818 1035 defensum
836 975 1009 1038 revocatus
1027 974 1152 1039 bellum

140 1059 260 1159 gessit
270 1059 423 1123 aduersus
451 1056 487 1121 P
512 1055 712 1143 Scipionem,
747 1059 853 1124 filium
886 1061 956 1126 eius
988 1059 1153 1144 Scipionis,
1280 1116 1281 1148 ,

141 1168 237 1231 quem
250 1146 320 1230 ipse
332 1146 439 1230 primo
454 1146 540 1230 apud
553 1146 758 1232 Rhodanum,
775 1147 897 1212 iterum
915 1149 1001 1232 apud
1015 1149 1153 1235 Padum,
1280 1151 1282 1194 ἶ

104 1235 241 1305 ιιιιιιο
264 1235 350 1318 apud
366 1233 519 1299 Trebiam
542 1233 683 1322 fugarat.
720 1257 794 1300 cum
816 1237 880 1302 hoc
898 1236 1094 1302 exhaustis'
1085 1260 1153 1304 ιιιιι
1283 1318 1284 1322 ¹

141 1325 267 1408 patriae
298 1321 510 1394 facmtatibus
539 1324 663 1408 cupivit
694 1325 997 1408 impraesentiarum
1028 1327 1154 1391 bellum
1283 1323 1285 1394 ζ

106 1410 1050 1584 2{Stella,tudelle,lestuthiell
1074 1415 1157 1584 {lii

142 1589 177 1653 id
199 1588 322 1652 factum
339 1588 453 1670 paucis
472 1588 585 1652 diebus
604 1588 689 1670 apud
703 1585 835 1650 Zamam
854 1607 928 1650 cum
946 1587 1061 1652 eodem
1079 1611 1156 1656 con·
1285 1587 1289 1680 ζ

141 1676 240 1758 flixit,
262 1675 376 1758 pulsus
396 1673 598 1760 (incredibile
617 1670 719 1758 dictu)
738 1673 838 1738 biduo
853 1677 887 1738 et
906 1674 1031 1740 duabus
1049 1680 1156 1743 nocti·

142 1763 203 1827 bus
225 1761 465 1827 Hadrumetum
487 1762 648 1846 pervenit,
678 1762 766 1846 quod
789 1763 883 1827 abest
906 1764 948 1827 ab
972 1763 1080 1829 Zama.
1095 1767 1156 1832 cir·
1290 1790 1291 1838 3

108 1851 225 1918 scitor
247 1851 340 1915 milia
361 1872 518 1935 passuum
540 1853 696 1926 trecenta.
732 1850 768 1915 in
791 1850 854 1916 hac
881 1851 961 1938 fuga
982 1851 1156 1939 Numidae,
1292 1924 1293 1936 ,

144 1940 202 2024 qui
224 1939 322 2006 simul
344 1961 418 2005 cum
440 1961 478 2004 ιο
502 1961 542 2004 ιιι
564 1940 632 2005 acie
656 1943 873 2024 excesserant,
902 1940 1050 2006 insidiati
1077 1948 1157 2008 sunt

144 2027 509 2200 sattellites
529 2027 656 2202 {ffldssi’
679 2028 961 2202 {zlcllffllltl
980 2035 1156 2184 luctet
1280 2095 1282 2100 ’

145 2207 258 2290 paucis
281 2206 393 2271 diebus
417 2205 539 2270 multos
558 2206 730 2270 contraxit.

98 2296 130 2360 ι
235 2293 345 2360 Cum
335 2316 370 2358 ιιι
388 2293 573 2378 apparando
593 2294 747 2358 acerrime
766 2296 854 2358 esset
869 2298 1056 2379 occupatus,
1074 2293 1157 2359 Kar·

146 2381 370 2466 thaginienses
394 2382 517 2446 bellum
541 2403 614 2446 cum
628 2381 786 2445 Romanis
805 2387 1067 2465 composuerunt.
1099 2383 1157 2448 ille

145 2468 249 2533 nihilo
273 2469 375 2534 setius
394 2470 551 2534 exercitui
569 2473 685 2554 postea
702 2468 845 2554 praefluit
859 2491 976 2553 resque
994 2471 1030 2535 in
1043 2469 1158 2536 Africa

147 2556 249 2658 gessit
277 2555 434 2641 [itemque
457 2556 556 2644 Mago
583 2557 649 2621 frat
635 2561 686 2622 ter
712 2557 795 2639 eius]
826 2579 929 2642 usque
958 2559 1000 2623 ad
1026 2558 1062 2623 Ρ.
1087 2557 1157 2624 Sul-

113 2662 128 2711 ι
146 2665 268 2728 p1clum
287 2642 322 2710 0
336 2644 507 2710 Aurelium
529 2646 687 2711 consules.
721 2645 774 2710 his
797 2645 884 2712 enim
906 2647 1157 2732 magistratibus

147 2733 251 2819 legati
223 2732 357 2798 ιιΚιι
342 2733 563 2819 thaginienses
585 2732 726 2799 Romam
749 2738 920 2818 venerunt,
949 2734 1006 2818 qui
1029 2735 1158 2800 senatui

148 2823 334 2906 populoque
366 2821 514 2886 Romano
545 2821 670 2906 gratias
703 2827 855 2907 agerent,
890 2785 977 2906 qiuod
1009 2844 1083 2888 cum
1115 2823 1157 2888 iis

148 2932 263 2994 pacem
294 2909 462 2994 fecissent,
495 2909 536 2974 ob
564 2929 700 2993 eamque
728 2931 797 2974 rem
825 2932 945 2976 corona
976 2931 1073 2976 aurea
1099 2931 1157 2974 eos

150 2998 310 3064 donarent
336 2998 496 3082 simulque
526 3000 689 3081 peterent,
720 3001 758 3062 ut
785 2998 915 3064 obsides
942 3020 1054 3064 eorum
1081 2995 1157 3064 Fre

113 3102 129 3150 ι
149 3086 246 3170 gellis
275 3090 384 3152 essent
411 3107 470 3170 cap
471 3085 594 3169 tivique
624 3085 842 3150 redderentur.
887 3086 940 3152 his
964 3109 1003 3151 ιι
1026 3090 1119 3152 senat
1119 3108 1158 3152 us

150 3173 300 3238 consulto
332 3195 524 3259 responsum
555 3177 619 3239 est:
652 3194 768 3238 munus
801 3195 914 3239 eorum
945 3179 1078 3260 gratum
1110 3197 1159 3240 ac·

151 3264 344 3362 ceptumque
367 3283 452 3328 esse·
445 3261 619 3364 ,obsides,
642 3282 706 3346 quo
730 3263 803 3326 loco
825 3267 993 3350 rogarent,
1016 3262 1161 3347 futuros3

151 3349 297 3435 captivos
310 3370 377 3414 non
391 3351 596 3434 remissoros,
615 3350 701 3434 quod
714 3347 941 3435 Hannibalem,
956 3351 1046 3415 cuius
1061 3373 1160 3436 opera

151 3441 338 3523 susceptum
350 3437 474 3503 bellum
488 3437 606 3540 foret,'
597 3436 858 3503 mimicissimum
866 3437 992 3502 nemim
982 3435 1160 3521 Romano,

151 3527 330 3592 etiamnum
349 3547 422 3591 cum
440 3525 577 3611 imperio
596 3525 681 3608 apud
700 3525 876 3590 exercitum
894 3524 1095 3589 haberentit
1081 3531 1160 3591 tem·

1024 3837 1293 3857 .--·—-'-—
