2598 3906
447 211 506 264 VII.
526 209 746 267 ALCIBIADES.
776 217 854 266 5-7.
1121 211 1163 276 27

157 376 239 438 quae
267 358 380 438 captae
408 354 442 419 in
469 354 616 419 bostium
643 359 797 420 venerant
823 359 1031 439 potestatem
1077 355 1199 424 Alci-o

155 441 267 508 biades
286 443 383 507 simul
398 464 472 508 cum
486 442 620 529 collegis
639 447 805 527 receperat
818 441 955 530 Ioniam,
973 443 1164 529 Hellespon·

156 535 235 614 tum,
254 531 375 596 multas
393 534 562 616 praeterea
579 532 676 595 urbes
692 529 842 615 Graecas,
861 553 943 616 quae
957 532 992 596 in
1006 553 1064 596 ora
1082 532 1164 597 sitae

156 623 233 684 sunt
250 617 436 703 Thraeciae,
455 640 592 702 quarum
611 624 836 706 expugnarant
854 621 1047 705 complures,
1064 620 1100 683 in
1118 619 1164 684 eis

154 705 362 791 Byzantium,
379 728 483 790 neque
503 707 609 772 minus
628 707 749 772 multas
769 708 906 773 consilio
925 709 966 772 ad
985 707 1165 773 amicitiam

156 795 378 879 adiunxerant,
396 795 482 878 quod
500 795 534 859 in
553 798 666 879 captos
686 795 859 866 clementia
876 795 1007 861 fuerant
1024 795 1085 860 usi.
1116 795 1165 859 ita
1184 814 1198 860 τ

36 959 43 970 ,
155 884 275 967 praeda
285 883 403 967 onusti,
417 883 616 966 locupletato
628 883 780 968 exercitu,
795 883 944 949 maximis
955 883 1052 948 rebus
1062 883 1164 970 gestis

155 969 304 1036 Athenas
327 975 492 1036 venenmt

245 1057 308 1122 His
331 1080 405 1123 cum
428 1059 559 1123 obviam
581 1059 733 1123 universa
755 1059 871 1124 civitas
890 1061 925 1125 in
943 1060 1096 1124 Piraeum
1115 1060 1204 1124 de-(i

157 1145 345 1229 scendisset,
367 1150 460 1211 tanta
482 1144 547 1210 fuit
569 1146 714 1211 omnium
738 1147 938 1230 exspectatio
962 1147 1086 1213 visendi
1109 1146 1165 1212 Al·

156 1233 303 1316 cibiadis,
320 1237 358 1297 ut
373 1233 496 1297 adeius
516 1233 683 1297 triremem
697 1233 813 1318 vulgus
827 1235 1019 1318 conflueret,
1031 1234 1165 1318 proinde

157 1344 195 1387 ac
218 1322 247 1386 si
270 1321 359 1386 solus
383 1313 664 1393 advenissettlsic
688 1320 775 1384 enim
797 1322 918 1404 populo
942 1326 1013 1386 erat
1035 1343 1165 1405 persua·
1184 1341 1199 1386 2

157 1432 243 1495 sum,
275 1413 309 1474 et
336 1409 487 1476 adversas
520 1407 702 1491 superiores
731 1411 764 1472 et
792 1412 981 1492 praesentes
1009 1408 1165 1474 secundas

156 1521 209 1564 res
227 1497 382 1564 accidisse
401 1496 469 1562 eius
489 1518 596 1581 opera.
633 1495 744 1578 itaque
768 1499 801 1560 et
819 1497 982 1562 comatum
1000 1497 1035 1562 ic
1055 1494 1166 1562 Sicilia

158 1586 313 1652 amissum
341 1589 375 1650 et
401 1583 731 1650 Lacedaemoniorum
759 1584 914 1650 victorias
946 1585 1059 1669 culpae
1089 1588 1179 1649 suae'

157 1674 359 1756 tribuebant,
389 1673 475 1756 quod
501 1673 602 1738 talem
629 1673 736 1737 virum
758 1695 775 1736 e
799 1673 932 1738 civitate
956 1673 1167 1757 expulissent.

156 1784 260 1845 neque
282 1761 316 1826 id
340 1761 408 1826 sine
432 1783 530 1826 eausa
552 1760 707 1825 arbitrari
730 1760 932 1826 videbantur.
976 1783 1054 1826 nam
1076 1765 1165 1845 post·

158 1871 256 1934 quam
279 1848 434 1913 exercitui
456 1870 605 1930 praeesse
628 1853 793 1934 coeperat,
819 1871 924 1932 neque
952 1853 1041 1914 terra
1062 1870 1166 1933 neque
1286 1877 1287 1882 ¹

158 1936 241 2002 mari
259 1937 372 2001 hostes
390 1957 484 2019 pares
504 1957 574 2000 esse
592 1940 775 2018 potuerant.
805 1937 859 2001 hic
877 1941 916 2001 ut
934 1959 951 2000 e
969 1938 1044 2001 navi
1063 1958 1167 2022 egres·
1186 1957 1201 2002 3

158 2047 214 2090 sus
233 2027 292 2108 est,
312 2044 508 2107 quamquam
522 2021 737 2087 Theramenes
756 2027 790 2086 et
803 2023 1028 2106 Thrasybulus
1047 2024 1168 2087 eisdem

158 2113 256 2178 rebus
270 2109 478 2196 praefuerant
493 2109 653 2192 simulque
667 2114 822 2174 venerant
836 2110 871 2174 in
884 2110 1044 2193 Piraeum,
1058 2114 1166 2174 tamen

158 2223 259 2267 unum
278 2220 389 2264 omnes
413 2199 506 2262 illum
528 2199 818 2282 prosequebantur,
845 2201 887 2283 et,
910 2197 943 2262 id
970 2197 1056 2282 quod
1078 2218 1168 2262 num-

12 2285 13 2292 *
125 2286 127 2292 ⁴
159 2311 256 2373 quam
279 2292 375 2353 antea
397 2310 459 2352 usu
481 2289 615 2351 venerat
632 2286 696 2350 nisi
716 2285 886 2370 Olympiae
905 2285 1095 2369 victoribus
1118 2307 1168 2350 co·

25 2401 29 2408 ·
158 2378 246 2442 ranis
260 2376 380 2441 laureis
394 2375 575 2458 taeniisque
589 2374 687 2460 vulgo
701 2375 892 2440 donabatur.
917 2375 973 2438 ille
993 2374 1167 2440 lacrimans

158 2465 258 2530 talem
281 2463 535 2530 benivolentiam
558 2462 678 2528 civium
701 2484 835 2528 suorum
858 2463 1052 2548 accipiebat,
1075 2461 1168 2526 remi-

157 2553 286 2618 niscens
313 2552 445 2636 pristini
472 2551 629 2635 temporis
660 2552 882 2616 acerbitatem.
927 2554 1104 2635 postquam
1133 2552 1203 2615 icc

159 2644 234 2704 astu
256 2639 354 2722 venit,
377 2639 528 2704 contione
551 2639 707 2703 advocata
726 2638 773 2702 sic
791 2639 890 2703 verba
907 2638 995 2723 fecit,
1017 2642 1056 2703 ut
1072 2659 1168 2703 nemo

159 2732 228 2792 tam
255 2726 343 2790 ferus
370 2725 482 2809 leserit,
510 2725 588 2808 quin
615 2727 684 2790 eius
712 2726 801 2790 casui
832 2725 1037 2791 illacrimarit
1063 2725 1169 2790 inimi-

159 2835 297 2898 cumque
320 2814 361 2878 iis
384 2835 419 2878 se
443 2812 631 2895 ostenderit,
653 2833 792 2894 quorum
813 2833 911 2896 opera
929 2813 1037 2896 patria
1054 2813 1168 2895 pulsus

158 2903 274 2988 fuerat,
296 2901 431 2987 proinde
454 2923 492 2967 uc
515 2901 543 2966 si
567 2899 650 2965 alius
673 2900 829 2985 populus,
851 2922 894 2966 no
940 2900 996 2963 ille
1019 2900 1089 2983 ipse
1113 2901 1168 2983 qui

159 2996 230 3058 tum
252 2990 366 3076 flebat,
390 3011 464 3056 eum
487 2987 650 3076 sacrilegii
673 2987 867 3054 damnasset.
871 2923 919 3140 Z
912 2987 1067 3053 restituta
1090 3008 1203 3075 ergoc

158 3080 234 3145 huic
267 3083 343 3146 sunt
375 3079 504 3164 publice
536 3078 635 3161 bona,
672 3077 839 3161 eidemque
896 3077 921 3141 li
952 3075 1168 3162 Eumolpidae

160 3167 343 3233 sacerdotes
367 3189 477 3232 rursus
501 3185 665 3232 resacrare
688 3168 765 3230 sunt
789 3165 908 3249 eoacti,
936 3165 992 3249 qui
1020 3187 1094 3230 eum
1117 3166 1168 3230 de·

12 3287 13 3290 ¹
119 3333 121 3338 Ι
160 3261 323 3340 voverant,
337 3256 486 3340 pilaeque
500 3255 586 3338 illae,
599 3254 634 3318 in
649 3253 766 3337 quibus
776 3252 905 3318 devotio
920 3253 1027 3319 fuerat
1037 3253 1168 3338 scripta,

159 3342 195 3406 in
217 3364 305 3406 mare
328 3343 570 3428 praecipitatae.

248 3429 337 3496 Haec
360 3430 522 3498 Alcibiadi
550 3430 677 3495 laetitia
704 3451 769 3494 non
796 3430 893 3494 nimis
920 3429 1205 3494 summoturum?

158 3540 235 3585 nam
257 3541 332 3594 curu
355 3519 386 3583 ei
405 3540 516 3585 omnes
536 3522 644 3584 essent
661 3517 802 3583 honores
821 3518 942 3582 decreti
961 3519 1095 3595 totaque
1117 3533 1168 3576 res
