2596 3910
434 213 531 270 XXIII.
550 214 748 272 HANNIBAL.
778 223 856 273 3-6.
1106 221 1147 284 91

142 360 230 444 feeit,
252 358 370 424 itinera
393 361 512 425 muniit
519 349 657 445 ,effecit
679 365 717 426 ut
731 340 778 428 'ea
801 363 991 448 elephantus
1016 367 1150 430 ornatus

143 452 190 516 ire
213 452 333 534 posset,
356 469 420 533 qua
443 452 539 514 antea
561 471 644 514 unus
666 449 764 515 homo
788 450 921 517 inermis
944 452 998 516 rix
1020 455 1151 536 poterat

144 543 264 622 repere.
299 538 362 602 hac
379 537 496 620 copias
521 537 666 602 traduxit
688 537 723 602 in
745 537 941 624 Italiamque
963 539 1120 624 pervenit.

232 625 430 692 Conflixerat
453 625 538 709 apud
555 625 750 692 Rhodanum
774 649 847 692 oum
865 626 901 692 P.
915 625 1065 694 Cornelio
1086 624 1151 692 Sci·
1169 628 1190 690 4

143 717 239 800 pione
272 713 403 779 consule
436 734 572 797 eumque
603 715 783 798 pepulerat.
838 736 911 780 oum
944 715 1006 780 lroo
1038 715 1152 780 eodem

144 802 295 892 Clastidii
323 801 409 885 apud
425 799 561 866 ·Padum
595 802 737 868 decernit
770 803 979 888 sauciumque
1011 803 1086 868 inde
1115 823 1152 868 ac
1206 867 1209 872 .

144 893 295 976 fugatum
318 889 465 954 dimittit.
502 889 603 970 tertio
623 890 710 955 idem
730 888 838 976 Scipio
863 912 936 958 cum
960 891 1086 976 collega
1103 889 1186 954 rae

144 979 258 1064 Longo
291 979 377 1062 apud
403 977 554 1042 Trebiam
582 978 734 1044 adversus
762 1001 836 1044 eum
863 979 960 1045 venit.
1007 1001 1080 1045 cum
1109 979 1150 1042 iis

144 1088 277 1133 manum
301 1065 477 1149 conseruit,
504 1069 660 1149 utrosque
683 1066 878 1152 profligavit.
923 1067 997 1133 inde
1020 1089 1079 1152 per
1100 1065 1153 1130 Li·

145 1175 242 1242 gures
265 1153 495 1238 Appenninum
518 1154 659 1237 transiit,
682 1158 796 1237 petens
819 1154 996 1220 Etruriam.
1032 1155 1095 1220 hoo
1117 1156 1153 1219 irc
1172 1170 1187 1217 3

144 1243 261 1308 itinere
281 1241 359 1306 adeo
379 1241 471 1326 gravi
489 1241 604 1305 morbo
624 1240 765 1306 afficitur
784 1243 961 1327 oculorum,
983 1246 1021 1307 ut
1039 1245 1154 1326 postea

145 1351 323 1414 numquam
346 1329 458 1393 dextro
483 1349 583 1411 aeque
607 1329 686 1394 bena
705 1350 782 1394 usus
802 1329 854 1394 sit.
888 1351 952 1413 qua
969 1329 1153 1394 valetudine

146 1442 220 1486 oum
238 1419 416 1484 etiamnum
438 1420 640 1500 premeretur
662 1417 842 1500 lecticaque
860 1415 1009 1502 ferretur,
1032 1415 1067 1483 O.
1081 1415 1153 1481 Fla-

145 1508 281 1573 minium
309 1505 475 1572 consulem
503 1505 588 1589 apud
615 1505 872 1570 Trasumennum
905 1527 978 1571 cum
1010 1505 1154 1570 exercitu

144 1595 272 1662 insidiis
287 1595 542 1660 circumventum
557 1593 683 1679 occidit,
696 1615 801 1678 neque
815 1594 919 1658 multo
933 1597 1011 1678 post
1025 1591 1059 1659 0.
1074 1591 1154 1659 Oen-

147 1683 270 1749 tenium
292 1686 476 1767 praetorem
499 1703 573 1746 cum
596 1683 721 1748 delecta
744 1704 842 1748 manu
870 1683 973 1748 saltus
998 1701 1153 1766 occupan-

146 1776 223 1836 tem.
253 1770 379 1852 hincin
392 1769 546 1852 Apuliam
558 1771 715 1853 pervenit.
746 1771 793 1836 ibi
808 1771 938 1836 obviam
953 1770 983 1836 ei
996 1773 1154 1836 venerunt
1172 1784 1188 1832 4

148 1857 211 1924 duo
235 1857 393 1940 consules,
416 1853 451 1921 O.
468 1855 639 1922 Terentius
664 1861 697 1922 et
719 1857 755 1922 L.
781 1857 947 1928 Aemilius.
983 1859 1153 1941 utriusque

147 1945 307 2013 exercitus
330 1964 395 2008 uno
418 1943 543 2027 proelio
566 1943 703 2030 fugarit,
725 1943 864 2008 Paulum
887 1945 1052 2010 consulem
1073 1945 1154 2009 ocei-

148 2035 197 2100 dit
221 2037 254 2099 et
277 2033 403 2115 aliquot
425 2034 594 2116 praeterea
617 2032 815 2116 consulares,
841 2031 945 2096 ineis
969 2030 1026 2097 On.
1051 2029 1154 2097 Servi-
1282 2079 1283 2084 η

147 2123 229 2187 lium
253 2118 439 2204 Geminum,
462 2119 518 2203 qui
541 2120 706 2204 superiore
730 2141 813 2184 anno
836 2118 944 2184 luerat
966 2120 1088 2184 consul.

235 2208 306 2274 Hac
328 2227 439 2294 pugna
461 2211 607 2292 pugnata
629 2207 769 2272 Romam
796 2207 962 2291 profectus
989 2207 1080 2272 nullo
1107 2207 1192 2272 reb
1221 2231 1225 2238 ·

147 2300 283 2366 sistente
301 2297 336 2361 in
354 2295 545 2380 propinquis
564 2296 638 2360 urbi
652 2297 818 2361 montibus
833 2299 979 2361 moratus
994 2299 1053 2361 est.
1081 2317 1154 2360 cum

147 2388 273 2472 aliquot
300 2385 347 2449 ibi
375 2385 442 2450 dies
472 2388 579 2450 eastra
600 2385 770 2450 habuisset
793 2389 827 2450 et
849 2382 994 2470 Capuam
1016 2387 1154 2450 reverte·

146 2480 245 2558 retur,
269 2473 306 2550 Q.
320 2472 441 2538 Fabius
460 2472 632 2558 Maximus,
655 2473 795 2539 dictator
818 2471 994 2558 Romanus,
1016 2472 1051 2538 in
1074 2493 1153 2558 agro
1277 2487 1283 2492 ·

146 2563 286 2628 Falerno
310 2561 340 2624 ei
363 2582 397 2625 se
421 2561 549 2626 obiecit.
594 2562 647 2626 hio
671 2563 799 2627 clausus
822 2561 969 2627 locorum
992 2561 1188 2647 angustiisa

147 2654 247 2716 noctu
270 2649 338 2712 sine
360 2647 428 2712 ullo
452 2648 647 2713 detrimento
671 2649 830 2712 exercitus
854 2670 888 2714 se
912 2648 1075 2730 expedivit
1093 2648 1153 2712 Fa·

146 2739 275 2822 bioque,
298 2733 507 2800 callidissimo
531 2734 729 2820 imperatori,
752 2735 841 2798 dedit
863 2735 969 2800 verba
1014 2757 1154 2818 namque

147 2825 289 2892 obducta
310 2826 406 2888 nocte
430 2823 594 2886 sarmenta
615 2823 649 2886 in
672 2822 823 2887 cornibus
846 2821 1056 2886 iuvencorum
1079 2823 1154 2887 deli-

147 2919 226 3002 gata
247 2911 392 2977 incendit
415 2909 547 2993 eiusque
575 2909 702 2995 generis
729 2909 973 2974 multitudinem
1001 2931 1154 2995 magnam

148 3002 343 3087 dispalatam
366 2997 512 3064 immisit.
559 3019 622 3082 quo
645 2997 814 3082 repentino
838 2998 910 3062 visu
934 2997 1062 3063 obiecto
1085 3002 1155 3064 tan·

147 3095 218 3154 tum
241 3093 399 3154 terrorem
420 3086 533 3152 iniecit
556 3086 711 3151 exercitui
729 3085 961 3170 Romanorum,
983 3090 1021 3150 ut
1044 3087 1154 3172 egredi

148 3180 240 3242 extra
262 3177 383 3241 vallum
405 3197 500 3240 nemo
524 3174 568 3238 sit
588 3195 693 3240 ausus.
730 3174 813 3238 hanc
835 3178 913 3258 post
935 3196 1004 3240 rem
1027 3180 1188 3260 gestame

90 3285 92 3290 ·
147 3286 214 3330 non
231 3261 410 3327 ita‘multis
432 3263 545 3328 diebus
559 3261 602 3326 M.
617 3261 796 3327 Minucium
809 3261 941 3348 Rufum,
960 3263 1155 3348 magistrum

148 3352 295 3436 equitum
318 3351 390 3434 pari
413 3372 450 3416 ac
473 3351 667 3415 dictatorem
689 3350 840 3436 imperio,
863 3351 937 3416 dolo
960 3351 1155 3435 productum

146 3444 181 3506 in
194 3439 354 3525 proelium
367 3437 502 3524 fugavit.
525 3438 573 3502 Ti.
589 3436 816 3523 Sempronium
831 3437 1022 3520 Gracchum,
1036 3437 1155 3500 iterum

146 3528 331 3612 consulem,
367 3526 402 3620 in
432 3524 572 3592 Lucanis
605 3527 721 3592 absens
753 3527 788 3591 in
819 3527 952 3592 insidias
987 3523 1155 3588 inductum
