2598 3906
456 211 517 268 VII.
537 212 763 269 ALCIBIADES.
792 221 815 270 8.
835 221 860 270 4.
1119 215 1161 279 25
1280 179 1281 184 ¹

64 395 66 399 -
155 353 303 438 privatus
318 355 579 420 existimabatur:
603 357 723 421 multos
743 358 829 422 enim
846 358 1044 424 liberalitate
1058 361 1164 425 devin-

156 446 256 526 xerat,
278 443 387 526 plures
407 444 506 508 etiam
525 465 624 528 opera
641 444 763 510 forensi
782 468 857 511 suos
876 447 1067 511 reddiderat.
1100 460 1198 531 quac

65 568 67 574 ·
155 551 190 595 re
213 530 314 595 fiebat
335 535 374 595 ut
393 532 538 596 omnium
557 532 677 618 oculos,
701 533 989 618 quotienscumque
1008 536 1043 598 in
1060 535 1163 618 publi-

156 640 229 683 cum
256 619 432 704 prodisset,
460 620 501 684 ad
529 641 562 684 se
590 625 793 686 converteret
815 644 919 706 neque
944 623 973 687 ei
995 644 1055 706 par
1079 623 1163 706 quis·

156 727 253 790 quam
276 707 310 770 in
333 707 466 772 civitate
493 712 675 792 poneretur.
721 709 831 794 itaque
854 733 920 776 non
943 711 1049 775 solum
1073 732 1163 794 spem

155 795 190 858 in
212 815 250 858 eo
273 795 439 859 habebant
462 796 649 881 maximam,
678 798 733 862 sed
757 798 856 862 etiam
884 798 1055 883 timorem,
1078 799 1163 882 quod

155 887 189 948 et
207 884 323 948 obesse
341 883 517 966 plurimum
537 889 570 948 et
587 885 740 968 prodesse
758 891 898 970 poterat.
930 887 1164 972 aspergebatur
1182 902 1198 950 c

155 971 256 1035 etiarn
274 969 417 1056 infamia,
439 973 525 1056 quod
542 973 577 1036 in
596 973 691 1038 domo
711 995 769 1038 sua
786 974 891 1040 facere
911 975 1068 1060 mysteria
1082 975 1164 1041 dice·

154 1059 253 1123 batur
277 1056 377 1144 (quod
395 1059 485 1125 nefas
505 1064 575 1125 erat
594 1083 683 1126 more
702 1060 964 1150 Atheniensium)
984 1063 1080 1147 idque
1098 1085 1164 1129 non

157 1147 197 1210 ad
219 1147 424 1232 religionem,
447 1149 503 1212 sed
526 1149 567 1212 ad
590 1150 847 1215 coniurationem
869 1151 1031 1234 pertinere
1055 1151 1164 1216 existi·

155 1235 315 1299 mabatur.

243 1321 316 1388 Hoc
344 1322 477 1387 crimine
509 1323 544 1387 in
571 1325 720 1388 contione
750 1325 791 1388 ab
824 1325 964 1404 inimicis
993 1324 1203 1409 compella4

154 1413 260 1476 batur.
306 1411 363 1475 sed
390 1409 536 1475 instabat
563 1414 692 1494 tempus
721 1412 761 1476 ad
784 1412 907 1476 bellum
929 1414 1163 1496 proficiscendi.

154 1500 187 1563 id
219 1499 274 1562 ille
304 1499 434 1563 intuens
464 1521 568 1582 neque
597 1499 753 1584 ignorans
767 1547 771 1555 .
784 1500 903 1564 civium
931 1522 1064 1566 suorum
1091 1523 1164 1566 con·

155 1587 359 1652 suetudinem
377 1587 576 1670 postulabat,
595 1587 623 1650 si
643 1587 720 1670 quid
735 1587 773 1650 de
788 1609 823 1651 se
838 1588 891 1672 agi
904 1589 1034 1672 vellent,
1052 1589 1163 1672 potius

154 1677 193 1738 de
212 1677 382 1758 praesente
402 1675 549 1756 quaestio
568 1674 751 1758 haberetur,
771 1695 868 1757 quam
888 1676 1004 1740 absens
1023 1677 1162 1741 invidiae

156 1763 288 1826 erimine
316 1764 531 1825 accusaretur.
576 1761 700 1826 inimici
727 1783 803 1826 vero
834 1761 903 1826 eius
934 1764 1197 1846 quiescendumr

154 1851 189 1912 in
215 1847 392 1932 praesenti,
420 1847 495 1930 quia
521 1849 631 1912 noceri
653 1850 682 1912 ei
703 1871 769 1914 non
796 1871 891 1933 posse
919 1851 1162 1936 intellegebant,

83 1983 86 1988 -
155 1941 188 2000 et
210 1935 292 1999 illud
309 1938 438 2016 tempus
457 1936 708 2017 exspectandum
728 1937 950 2022 decreverunt,
970 1961 1033 2020 quo
1055 1941 1163 2004 elassis

156 2023 290 2106 exisset,
317 2025 355 2085 ut
383 2021 551 2084 absentem
575 2023 842 2106 aggrederentur,
869 2025 980 2106 itaque
1007 2025 1162 2090 fecerunt.

153 2133 230 2177 nam
248 2112 423 2194 postquam
441 2109 476 2172 in
491 2105 636 2173 Siciliam
655 2129 728 2172 eum
748 2111 932 2192 pervenisse
948 2111 1163 2196 crediderumt,
1180 2127 1197 2176 3

106 2191 108 2195 ’
155 2201 336 2281 absentem,
364 2197 450 2282 quod
474 2217 566 2262 sacra
588 2197 756 2281 violasset,
784 2219 875 2262 reum
898 2197 1053 2264 fecerunt.
1099 2221 1163 2283 qua

154 2289 192 2353 de
215 2309 250 2352 re
273 2308 347 2352 cum
370 2283 400 2349 ei
422 2285 556 2350 nuntius
578 2307 597 2350 a
615 2285 812 2372 magistratu
829 2287 864 2350 in
879 2285 1024 2352 Siciliam
1042 2289 1161 2352 missus

154 2381 254 2460 esset,
282 2378 321 2439 ut
343 2373 476 2438 domurn
499 2374 540 2438 ad
563 2395 693 2439 causam
717 2374 884 2440 dicendam
906 2376 1039 2460 rediret,
1063 2381 1162 2441 esset

154 2487 215 2549 que
247 2464 282 2528 in
312 2483 430 2548 magna
460 2483 517 2546 spe
549 2463 733 2546 provinciae
766 2464 846 2528 bene
879 2464 1161 2549 administrandae,

153 2575 219 2618 non
240 2571 353 2635 parere
375 2549 483 2614 noluit
506 2551 595 2614 etin
618 2551 797 2635 triremem,
825 2573 906 2634 quae
930 2551 970 2616 ad
994 2575 1067 2617 eum
1090 2557 1161 2617 erat

153 2639 388 2722 deportandum
411 2637 520 2720 missa,
543 2639 696 2703 ascendit.
729 2640 791 2704 hac
808 2639 948 2704 Thurios
971 2641 1006 2704 in
1028 2640 1196 2705 Italiamc

152 2730 337 2812 pervectus,
365 2724 470 2788 multa
497 2746 605 2788 seeum
634 2732 787 2808 reputans
817 2727 855 2790 de
882 2727 1094 2792 immoderata
1119 2730 1160 2794 ci-

152 2817 242 2880 vium
266 2835 398 2878 suorum
421 2811 553 2876 licentia
572 2813 826 2895 crudelitateque
845 2834 923 2898 erga
940 2815 1075 2898 nobiles,
1098 2819 1160 2879 uti-

152 2904 314 2969 iissimum
328 2904 418 2965 ratus
433 2900 673 2984 impendentem
687 2901 808 2965 evitare
823 2905 1062 2985 tempestatem,
1076 2903 1159 2968 clam

152 3015 186 3057 se
214 2991 254 3056 ab
284 2989 473 3055 custodibus
501 2989 655 3053 subduxit
683 2994 716 3054 et
747 2989 821 3052 inde
852 2989 995 3072 primurn
1022 2989 1159 3076 Elidem,

152 3081 225 3144 dein
247 3077 375 3143 Thebas
399 3076 497 3141 venit.
510 3093 523 3173 ,l
542 3082 717 3160 postquam
742 3081 851 3142 autem
875 3099 909 3141 se
933 3078 1048 3162 capitis
1072 3081 1193 3146 dam-c

152 3171 265 3232 natum
288 3166 382 3230 bonis
405 3165 581 3248 publicatis
606 3166 737 3250 audivit,
761 3171 802 3250 et,
825 3165 858 3229 id
882 3166 968 3250 quod
989 3187 1159 3250 numquam

151 3259 244 3320 aska
270 3277 331 3318 usu
358 3257 503 3336 venerat,
535 3251 748 3337 Eumolpidas
780 3255 962 3318 sacerdotes
991 3277 1010 3318 a
1036 3258 1157 3340 populo

152 3345 283 3408 coactos
302 3347 339 3405 ut
358 3363 392 3405 se
410 3342 613 3424 devoverent,
633 3341 765 3424 eiusque
784 3343 965 3407 devotionis
981 3365 1044 3426 quo
1060 3349 1158 3408 testa·

151 3432 217 3496 tior
240 3443 327 3494 esset
349 3431 514 3513 memoria,
537 3430 719 3513 exemplum
737 3431 772 3494 in
789 3429 856 3513 pila
873 3431 1001 3514 lapidea
1019 3431 1158 3494 incisum

150 3541 220 3586 esse
248 3518 393 3603 positum
422 3517 457 3579 in
483 3516 628 3602 publico,
655 3517 930 3583 Lacedaemonem
954 3517 1148 3602 demigravit
1233 3534 1245 3535 ’
