2598 3906
469 261 489 313 Ι.
515 257 717 312 MILTIADES'.
748 263 823 312 1-8.
1130 255 1151 316 3

143 407 232 467 tenet
246 401 386 467 Athenis
405 403 694 486 proficiscentibus.
722 401 887 466 Miltiades
906 399 1054 465 morandi
1072 403 1151 464 tem·
1170 414 1186 463 1

141 512 202 575 pus
230 512 297 555 non
323 491 447 555 habens
476 513 606 556 cursum
634 490 765 574 direxit,
793 511 856 573 quo
884 489 1050 573 tendebat,
1081 509 1151 572 per

45 583 49 589 '
140 579 293 661 venitque
317 576 563 643 Chersonesum.

229 665 280 730 Ibi
294 667 386 731 brevi
400 671 546 751 tempore
561 667 775 731 barbarorum
789 665 892 749 copiis
908 665 1061 748 disiectis,
1079 667 1151 728 tota
1169 661 1191 726 2

142 755 288 838 regione,
312 777 409 838 quam
431 755 586 839 petierat,
608 754 748 838 potitus,
775 755 847 818 loca
871 753 1013 818 castellis
1036 753 1152 816 idonea

127 843 344 926 communiit,
358 843 611 927 multitudinem,
625 865 723 926 quam
737 863 846 907 secum
860 843 1004 925 duxerat,
1018 842 1052 904 in
1063 841 1150 926 agria

141 929 315 995 collocavit
334 931 519 1014 crebrisque
534 930 777 996 excursionibus
795 930 1016 1014 locupletavit.
1046 950 1150 1011 neque
1169 941 1185 988 a

141 1018 249 1082 minus
273 1019 308 1082 in
331 1039 369 1082 ea
391 1040 425 1083 11
448 1019 621 1103 prudentia
645 1040 743 1102 quam
764 1017 923 1082 felicitate
943 1017 1071 1082 adiutus
1091 1021 1150 1082 est.

141 1127 219 1170 nam
239 1126 311 1169 cum
325 1106 447 1170 virtute
466 1107 609 1171 militurn
628 1107 799 1170 devicisset
815 1106 961 1170 hostium
981 1105 1151 1188 exereitus,

15 1227 21 1241 ι
143 1215 271 1257 summa
303 1194 467 1276 aequitate
499 1215 551 1258 res
585 1195 757 1259 constituit
789 1198 886 1276 atque
923 1194 993 1276 ipse
1029 1193 1150 1257 ibidem

143 1303 273 1345 manere
296 1281 446 1345 decrevit.
479 1285 549 1345 erat
572 1281 658 1344 enim
680 1281 766 1344 inter
789 1281 1028 1366 condignitate
1051 1281 1184 1365 regiae

143 1389 340 1452 quamquam
368 1368 500 1434 carebat
526 1369 669 1452 nomine,
696 1390 800 1452 neque
827 1369 862 1434 id
883 1369 989 1454 magis
1012 1369 1150 1451 imperio

144 1479 241 1540 quam
268 1457 396 1522 iustitia
424 1461 624 1522 consecutus.
660 1477 764 1540 neque
787 1478 825 1521 eo
849 1456 952 1522 setius
975 1455 1150 1522 Athenien·

42 1577 46 1583 ·
143 1545 241 1628 sibus,
265 1545 420 1628 aquibus
439 1549 510 1609 1111
527 1545 702 1628 profectus,
726 1544 835 1610 officia
852 1545 1049 1628 praestabat.
1082 1543 1150 1628 qui-

141 1633 202 1697 bus
223 1635 319 1698 rebus
338 1633 439 1698 fiebat
456 1638 495 1697 ut
512 1654 579 1698 non
596 1634 703 1698 minus
723 1655 836 1697 eorum
853 1633 1022 1698 voluntate
1039 1654 1150 1716 perpe

143 1725 236 1785 tuum
255 1721 428 1805 imperium
442 1721 615 1806 obtineret,
634 1723 690 1804 qui
709 1722 874 1806 miserant,
893 1742 991 1804 quam
1008 1721 1149 1805 illorum,

40 1864 43 1870 .
143 1831 216 1873 cum
235 1809 352 1892 quibus
372 1813 443 1874 1111
459 1808 634 1893 profectus.
667 1807 869 1874 Chersoneso
888 1809 948 1872 tali
966 1810 1062 1873 modo
1077 1820 1185 1874 con-4

143 1896 262 1961 stituta
288 1895 448 1960 Lemnum
479 1898 654 1962 revertitur
681 1901 715 1960 et
742 1919 781 1961 ex
809 1901 905 1980 pacto
937 1897 1085 1981 postulat
1111 1901 1150 1962 ut

143 1983 206 2049 sibi
233 1984 348 2047 urbem
374 1983 520 2047 tradant:
557 1984 621 2062 [illi
649 1985 735 2049 enim
762 1982 923 2068 dixerant,
952 2007 1025 2048 cum
1051 1990 1149 2049 vento

142 2073 242 2136 borea
265 2071 361 2134 domo
384 2069 550 2153 profectus
574 2091 611 2134 eo
634 2072 847 2154 pervenisset,
874 2093 945 2135 sese
969 2071 1147 2154 dedituros]

15 2240 21 2246 ¹
142 2182 177 2224 se
200 2159 282 2224 111111
305 2159 437 2222 domurn
460 2157 527 2223 Che
563 2159 654 2222 onesi
680 2158 807 2222 habere.
853 2156 966 2242 Cares,
995 2159 1050 2242 qui
1078 2164 1183 2224 turns

141 2247 302 2313 Lemnum
324 2179 611 2332 incolebant,ibtsi
633 2250 764 2330 praeter
787 2247 972 2330 opinionem
994 2269 1046 2311 111
1071 2249 1149 2313 ceci-

143 2338 247 2419 derat,
274 2340 385 2400 tamen
410 2356 477 2400 non
504 2335 605 2419 dicto,
633 2335 689 2399 sed
717 2335 856 2400 secunda
882 2334 1013 2400 fortuna
1040 2337 1148 2401 adver-

143 2424 302 2489 sariorum
330 2423 417 2506 capti
440 2422 591 2487 resistere
620 2423 692 2509 ausi
715 2444 782 2488 non
808 2427 885 2488 sunt
913 2427 1010 2506 atque
1036 2446 1075 2488 ex
1101 2425 1148 2490 in-

142 2513 213 2578 sula
231 2511 462 2596 demigrarunt.
494 2511 565 2594 pari
584 2509 740 2575 felicitate
764 2515 887 2576 ceteras
910 2511 1042 2596 11111111,
1065 2534 1147 2595 quae

5 2573 7 2628 l
39 2629 55 2654 ο
142 2599 298 2684 Cyclades
325 2599 548 2682 nominantur,
579 2599 639 2664 sub
660 2596 913 2686 ‘Atheniensium
940 2601 1065 2685 redegit
1092 2623 1147 2684 po·

45 2688 67 2778 '¹
141 2691 304 2752 testatem.

229 2774 363 2839 Eisdem
386 2773 588 2856 temporibus
606 2773 780 2838 Persarum
798 2796 854 2838 rex
872 2773 992 2839 Darius
1011 2799 1050 2840 ex
1066 2777 1147 2842 Asia
1165 2774 1186 2837 3

5 2835 28 2913 ,V
140 2864 175 2928 in
196 2862 364 2946 Europam
392 2861 535 2926 exercitu
562 2861 698 2927 traiecto
724 2857 854 2945 Scythis
882 2861 1005 2926 bellum
1027 2864 1146 2929 inferre

140 2951 290 3017 decrevit.
331 2953 466 3034 pontem
488 2948 567 3015 fecit
589 2949 623 3013 in
645 2947 761 3014 Histro
784 2949 925 3034 flumine,
949 2971 1013 3033 qua
1036 2954 1145 3035 copias

13 3095 16 3102 ,
56 3056 57 3062 ’
140 3041 331 3106 traduceret.
378 3038 447 3103 eius
474 3038 598 3121 pontis,
625 3038 702 3103 dum
728 3038 798 3121 ipse
826 3039 968 3122 abesset,
995 3041 1145 3106 custodes

9 3127 26 3198 ,’
140 3128 273 3212 reliquit
302 3126 478 3211 principes,
510 3146 591 3209 quos
621 3146 731 3190 secum
760 3147 800 3190 ex
828 3125 920 3191 Ionia
949 3131 982 3191 et
1009 3127 1144 3195 Aeolide

5 3223 13 3266 s
138 3217 287 3299 duxerat,
317 3215 434 3300 quibus
457 3214 659 3300 singularum
681 3213 812 3278 urbium
833 3219 991 3300 perpetua
1014 3217 1145 3282 dederet

5 3315 6 3322 ’
139 3304 283 3386 imperia
320 3304 368 3368 sic
390 3303 476 3368 enim
499 3301 652 3366 facillime
675 3303 805 3386 putavit
827 3323 862 3367 se
886 3301 1010 3368 Graeca
1032 3304 1179 3390 linguar

139 3392 323 3476 loquentes,
346 3391 402 3474 qui
425 3390 539 3455 Asiam
561 3390 755 3474 incolerent,
778 3389 838 3456 sub
861 3413 920 3456 sua
942 3395 1144 3456 retenturum

28 3553 31 3564 λ
138 3480 317 3564 potestate,
349 3479 378 3542 si
406 3479 518 3542 amicis
549 3478 615 3542 suis
648 3478 766 3562 oppida
798 3480 917 3544 tuenda
948 3479 1145 3563 tradidisset,

139 3567 257 3652 quibus
285 3587 320 3632 se
348 3585 501 3648 oppresso
528 3565 619 3629 nulla
651 3587 724 3649 spes
755 3566 869 3630 salutis
899 3567 1144 3647 relinqueretur.

950 3668 984 3720 1*
