2598 3906
129 201 171 263 30
419 199 479 254 Vll.
499 197 719 253 ALCIBIADES.
749 204 790 253 10.
810 204 851 254 11.

78 344 118 407 10
216 342 289 408 Hoc
313 365 387 408 cum
409 343 578 406 moliretur
600 346 789 427 peteretque
813 364 833 406 a
854 341 1075 427 Pharnabazo,
1098 348 1137 409 ut

128 431 168 496 ad
191 452 301 516 regem
320 431 515 515 mitteretur,
538 429 648 494 eodem
668 434 814 514 tempore
833 428 952 496 Critias
972 432 1136 514 ceterique

128 521 259 604 tyranni
282 518 530 584 Atheniensium
558 521 663 582 certos
691 519 839 582 homines
868 519 907 582 ad
931 517 1135 602 Lysandrum

128 609 162 672 in
185 608 298 672 Asiam
322 606 491 692 miserant,
520 606 575 688 qui
599 627 671 669 eum
696 607 866 671 certiorem
889 606 1048 691 facerent,
1070 607 1136 672 nisi

128 695 331 762 Alcibiadem
356 694 550 778 sustulisset,
572 693 654 757 nihil
674 715 785 758 earum
804 717 911 760 rerum
930 695 999 760 fore
1018 699 1135 779 ratum,

130 805 210 868 quas
243 784 312 867 ipse
339 781 478 846 Athenis
507 781 744 846 constituisset:
778 805 888 868 quare,
922 784 949 847 si
981 805 1054 847 suas
1083 804 1135 847 res
1266 789 1290 852 ,¹

94 876 240 956 egestas
263 891 392 934 manere
416 870 528 954 vellet,
554 869 648 933 illum
671 875 927 954 persequeretur.
973 871 1024 934 his
1047 869 1135 934 Laco

129 959 224 1022 rebus
249 961 430 1022 commotus
455 957 573 1022 statuit
597 957 778 1022 accuratius
799 959 861 1022 sibi
882 960 1041 1044 agendum
1060 979 1133 1022 oum

128 1045 347 1110 Pharnabazo.
381 1045 457 1110 huic
476 1065 553 1130 ergo
573 1046 739 1110 renuntiat
758 1067 839 1130 quae
858 1047 928 1132 regi
947 1069 1020 1112 cum
1039 1045 1135 1111 Lace-

129 1133 305 1198 daemoniis
338 1133 578 1218 convenissent,
609 1134 673 1198 nisi
701 1132 903 1198 Alcibiadem
936 1135 1046 1200 rivum
1079 1138 1135 1199 aut

93 1225 293 1286 emortuum
322 1221 385 1285 sibi
412 1221 607 1286 tradidisset.
652 1243 718 1286 non
745 1222 824 1286 tulit
845 1223 908 1288 hoc
932 1227 1078 1307 satrapes
1102 1227 1135 1286 et

129 1311 250 1376 violare
285 1311 488 1374 clementiam
522 1331 619 1392 quam
651 1311 737 1396 regis
769 1333 845 1395 opes
876 1311 978 1375 minui
1010 1311 1134 1375 maluit.

129 1400 239 1482 itaque
263 1399 354 1462 misit
378 1396 602 1463 Susamithren
625 1402 658 1461 et
680 1397 845 1483 Bagaeum
869 1398 909 1462 ad
932 1397 1134 1462 Alcibiadem

129 1487 400 1570 interficiendum,
430 1509 503 1552 cum
530 1486 585 1550 ille
614 1489 701 1549 esset
723 1486 757 1549 in
779 1485 924 1571 Phrygia
945 1485 1070 1568 iterque
1095 1486 1135 1549 ad

92 1589 238 1660 rregem
263 1578 473 1658 compararet.
510 1573 601 1637 missi
621 1573 705 1637 clam
727 1573 896 1658 vicinitati,
920 1573 954 1637 in
977 1594 1041 1656 qua
1064 1577 1135 1636 tum

129 1662 314 1727 Alcibiades
342 1666 426 1746 erat,
458 1662 537 1725 dant
563 1661 731 1746 negotium
758 1665 796 1725 ut
824 1683 897 1725 eum
929 1660 1134 1725 interficiant.

129 1749 177 1814 illi
202 1771 274 1814 cum
297 1749 383 1814 ferro
408 1749 542 1834 aggredi
565 1771 628 1814 non
650 1749 813 1833 auderent,
835 1753 935 1814 noctu
953 1749 1043 1834 ligna
1063 1771 1135 1814 con-

129 1838 275 1902 tulerunt
298 1839 382 1902 circa
406 1860 514 1902 casam
538 1859 622 1921 eam,
651 1838 686 1900 in
714 1858 778 1921 qua
807 1838 1007 1922 quiescebat,
1035 1858 1135 1921 eaque

25 1993 26 1998 ,
130 1926 370 2011 succenderunt,
393 1931 430 1990 ut
453 1925 599 1990 incendio
619 1925 823 2010 conficerent,
847 1948 942 2009 quem
965 1947 1063 1990 manu
1087 1946 1136 1989 su-

94 2029 110 2077 c
129 2015 234 2098 parari
250 2036 345 2098 posse
360 2014 557 2078 diffidebant.
592 2013 648 2078 ille
667 2018 777 2078 autem
795 2019 833 2078 ut
856 2015 964 2079 sonitu
988 2014 1136 2078 flammae

130 2107 182 2167 est
200 2104 368 2188 excitatus,
392 2103 454 2166 etsi
473 2102 598 2187 gladius
618 2102 647 2164 ci
667 2106 737 2166 erat
756 2102 943 2185 subductus,
965 2101 1135 2165 familiaris

131 2191 181 2255 sui
206 2192 354 2256 subalare
377 2191 480 2254 telum
504 2191 630 2274 eripuit.
666 2211 805 2272 namque
829 2194 900 2252 erat
918 2211 991 2252 cum
1011 2209 1049 2252 eo
1069 2189 1136 2271 qui-

131 2279 205 2343 dam
228 2300 267 2342 cx
289 2277 428 2342 Arcadia
450 2278 582 2361 hospes,
613 2277 667 2360 qui
695 2299 874 2360 numquam
898 2275 1060 2339 discedere
1083 2297 1135 2339 vo-

131 2367 243 2430 luerat.
279 2366 365 2430 hunc
389 2366 480 2448 sequi
505 2387 538 2429 se
562 2366 653 2428 iubet
676 2368 710 2428 et
732 2365 764 2428 id
788 2364 873 2448 quod
896 2364 929 2427 in
952 2363 1134 2447 praesentia

130 2454 399 2518 vestimentorum
431 2452 496 2516 fuit
528 2453 653 2536 arripit.
697 2452 749 2516 his
779 2453 813 2516 in
843 2453 952 2536 ignem
981 2451 1135 2515 coniectis

96 2541 280 2605 oflammae
310 2541 376 2604 vim
409 2540 549 2605 transiit.
595 2561 690 2624 quem
722 2544 760 2604 ut
791 2540 921 2604 barbari
953 2539 1135 2604 incendium

132 2629 283 2714 effugisse
312 2628 475 2712 viderunt,
507 2628 583 2692 telis
598 2628 736 2691 eminus
764 2628 872 2692 missis
905 2626 1138 2693 interfecerunt

132 2721 292 2802 caputque
312 2717 380 2781 eius
400 2717 441 2781 ad
459 2716 704 2780 Pharnabazum
723 2717 930 2781 rettulerrmt.
960 2719 995 2780 at
1013 2716 1137 2795 mulier,

133 2827 213 2889 quae
233 2827 307 2870 cum
325 2827 363 2869 eo
382 2805 488 2870 vivere
507 2807 687 2888 consuerat,
710 2805 860 2869 muliebri
880 2827 938 2869 sua
956 2807 1045 2868 veste
1065 2825 1136 2867 con-

132 2898 255 2958 tectum
280 2893 416 2958 aedificii
439 2892 587 2957 incendio
611 2895 776 2956 mortuum
800 2892 964 2976 cremarit,
988 2890 1073 2974 quod
1097 2889 1136 2954 ad

131 2983 240 3046 rivum
260 2981 509 3045 interimendum
527 2984 597 3044 erat
616 2984 849 3064 comparatum.
886 2980 932 3044 sic
951 2977 1137 3043 Alcibiades

133 3090 234 3132 annos
253 3070 383 3132 circiter
400 3069 613 3154 quadraginta
630 3072 728 3132 natus
747 3068 831 3131 diem
846 3067 929 3132 obiit
944 3087 1138 3150 supremum.

79 3157 117 3220 11
220 3154 316 3220 Hunc
335 3157 528 3222 infamatum
543 3179 562 3220 a
575 3157 739 3240 plerisque
758 3161 825 3220 tres
840 3153 1022 3242 gravissimi
1038 3155 1139 3219 histo-

132 3244 191 3308 rici
207 3244 341 3308 summis
365 3245 515 3309 laudibus
531 3245 729 3309 extulerunt:
752 3243 963 3328 Thucydides,
988 3243 1043 3326 qui
1058 3243 1139 3308 eius·
1242 3227 1272 3275 '¹'

133 3332 206 3397 dem
229 3333 345 3396 aetatis
368 3331 446 3414 fuit,
474 3331 718 3418 Theopompus,
744 3336 821 3418 post
844 3332 1011 3416 aliquanto
1034 3335 1139 3415 natus,

134 3425 168 3484 et
190 3419 352 3485 Timaeus:
383 3420 437 3502 qui
467 3421 596 3503 quidem
621 3421 684 3486 duo
708 3419 1004 3486 maledicentissimi
1029 3420 1155 3506 nescio*
1172 3434 1215 3510 ,¹
1285 3408 1290 3430 ⁸

97 3523 199 3592 rquo
222 3509 316 3573 modo
339 3510 371 3572 in
395 3507 453 3571 illo
476 3529 540 3572 unc
564 3509 724 3574 laudando
748 3510 962 3574 consentiunt.
1001 3493 1183 3590 natique*

150 3617 259 3642 sd·-
