2598 3906
170 225 214 287 44
502 221 550 276 ΧΙ.
569 219 793 276 lrfflcsrhras.
821 228 844 275 ³.

136 368 332 433 arationem
356 367 416 452 sui,
439 366 494 431 sed
517 367 552 430 in
574 366 686 430 labore
708 365 806 429 nimis
829 365 984 430 remissus
1003 384 1187 448 parumque

171 455 317 541 patiens,
347 459 386 520 ut
416 453 646 538 Theopompus
679 453 855 519 memoriae
886 452 1046 538 prodidit,
1078 452 1186 518 honus

171 566 248 610 vero
277 543 356 609 civis
383 541 510 628 fideque
538 562 666 627 magna.
712 542 896 626 quodcum
922 541 958 605 in
988 539 1062 606 aliis
1085 541 1186 606 rebus

172 631 358 718 declaravit,
381 636 452 705 tum
475 631 614 695 maxime
632 629 668 694 in
682 628 847 714 Amyntae
865 629 1052 696 Macedonis
1070 628 1186 694 liberis

172 721 310 785 tuendis.
355 740 496 802 namque
523 718 699 803 Eurydice,
728 723 835 785 mater
857 717 1030 785 Perdiccae
1053 721 1088 783 et
1109 716 1187 782 Phi-

172 809 264 893 lippi,
287 830 361 873 cum
378 808 430 872 his
450 807 575 872 duobus
594 806 705 891 pueris
724 805 870 891 Amynta
888 810 1019 872 mortuo
1038 805 1079 870 ad
1097 803 1187 890 Iphi-

138 912 154 960 s
174 900 296 961 craten
309 894 458 980 confugit
480 895 613 978 eiusque
638 895 754 979 opibus
778 895 911 961 defensa
934 899 993 961 est.
1038 892 1120 958 vixit
1144 894 1187 958 ad

174 986 375 1049 senectutem
397 983 536 1067 placatis
555 983 590 1047 in
609 1004 644 1047 se
663 1004 796 1048 suorum
815 983 935 1049 civium
953 981 1079 1048 animis.
1112 1003 1187 1048 cau·

173 1092 244 1136 sam
267 1072 386 1157 capitis
411 1073 511 1136 semel
534 1071 630 1156 dixit,
652 1071 739 1136 bello
764 1071 893 1156 sociali,
916 1072 1014 1137 simul
1037 1092 1110 1136 cum
1132 1069 1187 1134 ri-

137 1172 155 1223 4
173 1159 315 1244 methea,
334 1181 437 1244 eoque
454 1160 574 1225 iudicio
593 1163 645 1224 est
663 1160 842 1226 absolutus.
875 1159 1067 1226 Menesthea
1079 1158 1187 1224 filium

173 1247 308 1332 reliquit
330 1270 369 1314 ex
391 1248 552 1314 Thraessa
574 1252 705 1331 natum,
727 1246 804 1314 coci
827 1249 913 1335 regis
936 1248 1013 1313 filia
1058 1247 1087 1311 is
1111 1267 1186 1312 cum

173 1337 446 1424 interrogaretur,
476 1341 588 1408 utrum
614 1335 732 1422 pluris,
761 1341 890 1422 patrem
917 1340 1113 1420 matremne,
1140 1333 1186 1399 fa·

175 1429 271 1509 caret,
295 1424 457 1491 ‘matrem'
480 1425 596 1510 inquit.
630 1425 664 1488 id
687 1447 761 1490 cum
784 1424 935 1490 omnibus
958 1423 1078 1486 mirum
1101 1423 1186 1488 vide-

174 1517 273 1596 retur,
297 1517 331 1577 at
354 1514 409 1577 ille
433 1511 574 1577 ‘merito’
597 1512 705 1594 inquit
728 1510 839 1576 ‘facim
862 1533 939 1576 nam
959 1513 1062 1594 pater,
1086 1531 1185 1594 quan·

174 1604 246 1664 tum
268 1601 302 1663 in
326 1621 360 1663 se
378 1601 451 1684 fuit,
473 1599 651 1664 Thraecem
670 1620 721 1663 me
741 1599 864 1684 genuit,
887 1601 1003 1676 contra
1021 1619 1059 1663 ea
1080 1603 1186 1665 mater

174 1686 430 1752 Atheniensem?

502 1989 580 2063 ΧΠ.
609 1989 858 2064 CHABRIAS.

141 2128 159 2192 l
264 2126 423 2193 Chabrias
442 2127 662 2193 Atheniensis.
681 2128 753 2193 .hic
777 2149 905 2212 quoque
923 2128 959 2193 in
977 2128 1113 2194 summis
1130 2130 1185 2196 ha·

174 2215 264 2279 bitus
284 2220 335 2280 est
353 2217 488 2280 ducibus
503 2237 619 2300 resque
634 2216 755 2280 multas
770 2216 928 2280 memoria
941 2215 1057 2300 dignas
1071 2219 1184 2302 gessit.

176 2302 232 2366 sed
259 2324 298 2366 ex
327 2303 368 2366 iis
397 2304 503 2367 elucet
530 2303 669 2366 maxime
697 2304 865 2368 inventum
892 2302 961 2367 eius
989 2304 1024 2367 in
1050 2306 1185 2392 proelio,

176 2389 262 2471 quod
281 2389 366 2472 apud
380 2388 508 2452 Thebas
527 2389 615 2473 fecit,
634 2411 707 2453 cum
720 2389 855 2454 Boeotis
873 2390 1018 2456 subsidio
1032 2393 1183 2459 venisset.

139 2491 313 2558 suamque
336 2477 372 2540 in
395 2497 432 2541 eo
456 2476 595 2541 victoria
612 2477 767 2542 fidentem
786 2499 949 2543 summum
968 2479 1082 2546 ducem
1100 2481 1183 2568 Age

175 2563 306 2648 silaum,
337 2563 462 2650 fugatis
493 2565 560 2630 iam
588 2565 629 2630 ab
658 2587 696 2630 eo
725 2566 936 2632 conducticiis
967 2570 1120 2654 catervis,
1150 2592 1182 2635 eo

172 2652 344 2732 frustratus
369 2657 426 2737 est,
456 2655 538 2735 qaod
563 2653 722 2737 reliquam
753 2654 950 2741 phalangem
979 2657 1051 2722 loco
1079 2660 1182 2724 vetuit

175 2739 286 2805 cedere
310 2741 493 2825 obnixoque
516 2762 602 2828 genu
621 2746 723 2826 scuto,
745 2744 892 2826 proiecta
910 2744 1007 2809 hasta
1024 2745 1181 2830 impetum

175 2829 321 2913 excipere
339 2829 485 2894 hostium
504 2830 622 2895 docuit.
652 2830 685 2894 id
703 2853 824 2896 novum
837 2831 1011 2918 Agesilaus
1026 2837 1180 2900 contuens

174 2918 326 3002 progredi
349 2939 415 2983 non
439 2921 489 2982 ast
512 2939 610 2983 ausus
635 2940 774 3002 suosque
797 2920 864 2984 iam
882 2921 1082 2986 incurrentes
1102 2924 1181 2988 tuba

139 3006 348 3070 crevocavit.
392 3005 456 3070 hoc
482 3027 585 3090 usque
613 3028 651 3071 eo
679 3011 752 3071 tota
776 3005 912 3072 Graecia
933 3007 1021 3072 fama
1043 3009 1180 3076 celebra

174 3096 246 3156 tum
275 3097 339 3177 est,
370 3097 409 3158 ut
440 3093 497 3158 illo
531 3097 631 3168 statu¹
648 3092 807 3159 Chabrias
840 3096 904 3160 sibi
936 3099 1079 3161 statuam
1111 3099 1180 3164 fieri
1280 3149 1281 3156 κ

173 3179 322 3264 voluerit,
346 3203 428 3264 quae
450 3182 580 3266 publice
599 3183 629 3246 ei
644 3183 684 3247 ab
699 3181 956 3248 Atheniensibus
969 3186 1005 3249 in
1018 3184 1090 3250 foro
1109 3209 1180 3252 con·

174 3267 293 3332 stituta
307 3272 366 3332 est.
397 3291 436 3333 ex
451 3291 514 3353 quo
528 3269 653 3335 factum
667 3274 769 3335 estut
783 3275 898 3355 postea
913 3273 1056 3338 athletae
1071 3276 1181 3340 ceteri·

174 3377 236 3439 que
254 3356 395 3420 artifices
414 3357 455 3421 iis
475 3359 617 3423 statibus
636 3361 670 3422 ia
690 3360 809 3424 statuis
828 3360 985 3442 ponendis
1003 3366 1180 3446 uterentur,

174 3444 291 3526 quibus
315 3444 486 3509 victoriam
510 3450 619 3510 essent
641 3446 759 3529 adepti.

138 3528 159 3590 2
263 3529 421 3596 Chabrias
450 3537 560 3598 autem
588 3535 692 3598 multa
718 3534 752 3597 in
775 3533 908 3618 Europa
937 3537 1021 3601 bella
1049 3537 1178 3602 admini-
