2598 3906
154 175 196 239 10
430 173 464 228 11.
484 172 768 229 THEMISTOOLES.
795 179 874 228 4-o.

153 339 392 403 oppressurum.
433 315 497 382 hoc
520 339 557 382 eo
581 317 719 400 valebat,
742 321 780 381 ut
802 317 954 403 ingratiis
979 318 1020 382 ad
1043 317 1162 404 depug-

117 407 295 472 onandum
323 425 434 470 omnes
458 410 658 491 cogerentur.
703 406 765 470 hac
791 427 826 471 re
854 405 965 471 audita
992 406 1162 489 barbarus,

151 495 235 558 nibil
262 494 330 559 doli
357 493 489 557 subesse
518 494 663 577 credens,
692 493 850 578 postridie
874 493 1073 559 alienissimo
1087 495 1161 558 sibi
1288 525 1289 534 ι

152 583 239 667 loco,
273 585 386 647 contra
417 581 692 664 opportunissimo
724 581 876 647 hostibus
909 582 988 647 adeo
1021 585 1161 667 angusto

153 671 237 734 mari
255 669 410 752 conflixit,
433 672 471 733 ut
490 669 558 734 eius
577 669 753 734 multitudo
771 671 904 734 navium
923 670 1078 753 explicari
1095 691 1162 736 non

152 759 305 842 potuerit.
350 757 457 821 victus
486 777 562 842 ergo
591 761 642 821 est
669 758 773 844 magis
797 758 898 823 etiarn
921 757 1057 824 consilio
1080 757 1162 822 'lhe-

153 846 297 911 mistooli
320 866 418 928 quarn
442 845 541 908 armis
567 843 729 910 Graeciae.

113 933 134 999 5
240 932 304 997 Hic
327 933 390 996 etsi
413 933 498 996 male
521 953 590 997 rem
613 937 775 1019 gesserat,
798 938 908 1000 tamen
931 938 1040 1000 tantas
1063 934 1162 998 habe·
1288 923 1289 928 ἵ

152 1021 211 1086 bat
242 1021 395 1104 reliquias
424 1021 605 1105 copiarum,
637 1025 675 1086 ut
705 1021 876 1086 etiamtum
905 1023 947 1087 iis
978 1022 1161 1106 opprimere
1288 1033 1289 1038 ’

152 1113 265 1193 posset
291 1109 418 1174 hostes:
446 1108 566 1174 iterum
594 1109 635 1172 ab
664 1109 777 1174 eodem
800 1110 903 1196 modu
926 1110 1077 1194 depulsus
1101 1114 1160 1174 est.

152 1219 229 1261 nam
247 1197 492 1281 Themistocles,
514 1218 628 1262 verens
647 1218 688 1262 ne
706 1197 827 1262 bellare
843 1201 1073 1281 perseveraret,
1096 1219 1161 1262 cer·

153 1285 272 1350 tiorem
291 1307 364 1350 eum
387 1284 466 1350 fecit
488 1284 522 1349 id
540 1286 603 1372 agi,
626 1289 664 1350 ut
681 1307 774 1370 pons,
798 1307 894 1369 quern
911 1286 966 1350 ille
985 1286 1019 1350 in
1037 1284 1161 1350 Helles-

152 1377 253 1456 ponto
282 1372 417 1457 fecsrat,
445 1373 677 1439 dissolveretur
707 1395 744 1438 ac
771 1373 878 1438 reditu
905 1374 940 1437 in
967 1372 1083 1438 Asiam
1111 1395 1161 1437 ex·

117 1475 134 1524 2
153 1461 346 1545 cluderetur,
364 1461 460 1544 idque
479 1462 509 1524 ei
527 1461 698 1544 persuasit.
722 1461 833 1544 itaque
848 1483 912 1544 qua
926 1483 982 1526 sex
996 1461 1159 1526 mensibus

152 1549 216 1611 iter
242 1548 378 1631 fecerat,
406 1549 518 1612 eadem
545 1549 651 1612 minus
680 1548 793 1612 diebus
821 1549 959 1634 triginta
985 1549 1020 1612 in
1047 1548 1161 1614 Asiam

153 1655 300 1699 reversus
325 1639 375 1698 est
399 1656 496 1717 seque
515 1657 535 1699 a
553 1635 772 1700 Themistocle
794 1657 861 1700 non
884 1640 1082 1720 superatum,
1106 1637 1162 1700 sed
1288 1661 1289 1666 ¹

117 1739 133 1787 s
153 1726 380 1787 conservatum
393 1721 557 1786 iudicavit.
585 1723 632 1786 sic
648 1724 743 1788 unius
758 1724 820 1788 viri
837 1724 1011 1807 prudentia
1025 1721 1162 1789 Graecia

151 1811 291 1875 liberata
314 1814 365 1874 est
387 1809 602 1894 Europaeque
632 1811 804 1876 succubuit
825 1810 914 1876 Asia.
954 1811 1035 1875 hacc
1058 1812 1162 1876 altera

151 1899 305 1982 victoria,
328 1919 409 1980 quae
433 1918 507 1961 curn
529 1896 737 1963 Marathonio
760 1899 867 1982 possit
890 1901 1073 1982 comparari
1096 1903 1161 1964 tro·

151 2008 242 2071 paeo.
283 2007 360 2050 nam
386 1985 458 2070 pari
486 1986 583 2072 modo
606 1987 691 2069 apud
715 1985 880 2052 Salamina
902 2009 1002 2070 parvo
1025 2009 1160 2054 numero

151 2075 283 2140 navium
307 2074 448 2138 maxima
470 2077 547 2158 post
569 2074 739 2139 hominum
762 2075 953 2140 memoriam
977 2075 1091 2140 classis
1110 2079 1161 2140 est

154 2164 289 2228 devicta.

112 2252 133 2315 6
241 2250 379 2334 Magnus
402 2251 465 2314 hoo
488 2251 575 2314 bello
594 2250 830 2314 Themistocles
849 2249 914 2313 fuit
931 2270 1035 2332 nequo
1054 2251 1157 2316 minor

150 2339 186 2402 in
216 2357 304 2420 pace.
351 2357 424 2400 cum
456 2337 542 2399 enim
571 2334 741 2400 Phalerico
773 2340 872 2419 portu
902 2358 1007 2419 neque
1039 2359 1159 2425 magno

150 2445 254 2508 neque
277 2424 363 2488 bono
382 2422 599 2487 Athenienses
621 2425 799 2507 uterentur,
821 2423 917 2488 huius
941 2425 1078 2491 consilio
1102 2427 1160 2490 tri·

150 2513 226 2596 plex
252 2510 361 2574 Piraei
391 2514 506 2595 portus
539 2510 738 2576 constitutus
770 2515 821 2576 est
852 2511 957 2595 iisque
989 2514 1159 2580 moenibus

151 2598 382 2682 circumdatus,
409 2603 447 2663 ut
473 2599 579 2682 ipsam
606 2599 720 2663 urbem
743 2599 902 2686 dignitate
926 2601 1159 2687 aequiperaret,

115 2687 295 2752 autilitate
314 2691 490 2771 superaret.
512 2686 599 2752 idem
617 2709 727 2754 muros
746 2687 995 2755 Atheniensium
1013 2691 1159 2756 restituit

149 2776 324 2861 praecipuo
355 2797 413 2840 suo
441 2775 594 2860 periculo.
643 2798 783 2860 namque
812 2776 1060 2842 Lacedaemonii
1089 2801 1159 2843 cau·

151 2885 222 2930 sam
233 2864 382 2930 idoneam
393 2865 482 2928 nacti
493 2868 628 2948 propter
639 2865 853 2929 barbarorum
867 2866 1081 2949 excursiones,
1095 2887 1159 2948 qua
1288 2875 1289 2878 ’

150 2957 308 3038 negarent
334 2955 483 3036 oportere
511 2955 603 3015 extra
630 2951 889 3035 Peloponnesum
915 2953 1017 3016 ullam
1044 2954 1158 3016 urbem

150 3061 261 3104 muros
279 3041 408 3124 habere,
425 3061 466 3103 ne
485 3043 594 3104 essent
612 3040 684 3103 loca
702 3039 836 3123 munita,
855 3061 936 3122 quae
954 3039 1067 3105 hostes
1085 3062 1158 3124 pos·

151 3127 302 3211 siderent,
315 3128 532 3192 Athenienses
546 3127 752 3192 aedificantes
766 3127 937 3212 prohibere
952 3133 1029 3192 sunt
1039 3129 1156 3195 conati.

115 3215 213 3280 ehoe
235 3215 332 3301 longe
352 3216 415 3280 alio
435 3216 605 3300 spectabat
623 3219 721 3299 atque
740 3215 842 3280 videri
859 3217 1020 3282 volebant.
1057 3217 1157 3284 Athe·

149 3303 278 3370 nienses
307 3303 393 3368 enirn
425 3304 549 3368 duabus
578 3303 738 3388 victoriis,
770 3302 977 3370 Marathonia
1008 3310 1042 3370 et
1070 3305 1157 3372 Sala·
1288 3335 1289 3348 ι

150 3392 259 3476 minis,
283 3396 409 3456 tantam
433 3392 572 3478 gloriam
595 3392 680 3476 apud
703 3413 814 3458 omnes
837 3398 951 3480 gentes
971 3399 1064 3460 crant
1085 3417 1157 3461 oon·
1252 3446 1256 3454 .

150 3481 267 3566 secuti,
298 3484 336 3545 ut
367 3479 595 3566 intellegerent
624 3478 872 3546 Lacedaemonii
901 3482 940 3547 de
971 3484 1156 3568 principatu
