<?xml version="1.0" encoding="UTF-8"?>
<!DOCTYPE html PUBLIC "-//W3C//DTD XHTML 1.0 Transitional//EN"
    "http://www.w3.org/TR/xhtml1/DTD/xhtml1-transitional.dtd">
<html xmlns="http://www.w3.org/1999/xhtml" xml:lang="en" lang="en">
 <head>
  <title>
</title>
<meta http-equiv="Content-Type" content="text/html;charset=utf-8" />
  <meta name='ocr-system' content='tesseract 3.04.00' />
  <meta name='ocr-capabilities' content='ocr_page ocr_carea ocr_par ocr_line ocrx_word'/>
</head>
<body>
  <div class='ocr_page' id='page_1' title='image "./corneliinepotis21nepogoog_0113.png"; bbox 0 0 2596 3910; ppageno 0'>
   <div class='ocr_carea' id='block_1_1' title="bbox 133 206 819 274">
    <p class='ocr_par' dir='ltr' id='par_1_1' title="bbox 133 206 819 274">
     <span class='ocr_line' id='line_1_1' title="bbox 133 206 819 274; baseline -0.016 -2"><span class='ocrx_word' id='word_1_1' title='bbox 133 209 195 274; x_wconf 84' lang='grc'>102</span> <span class='ocrx_word' id='word_1_2' title='bbox 455 207 540 263; x_wconf 87' lang='lat' dir='ltr'>XXV.</span> <span class='ocrx_word' id='word_1_3' title='bbox 559 206 721 264; x_wconf 73' lang='lat' dir='ltr'>Annuus.</span> <span class='ocrx_word' id='word_1_4' title='bbox 749 214 774 262; x_wconf 77' lang='lat'>4.</span> <span class='ocrx_word' id='word_1_5' title='bbox 794 212 819 262; x_wconf 81' lang='lat'>5.</span> 
     </span>
    </p>
   </div>
   <div class='ocr_carea' id='block_1_2' title="bbox 95 339 1165 1318">
    <p class='ocr_par' dir='ltr' id='par_1_2' title="bbox 131 339 1165 437">
     <span class='ocr_line' id='line_1_2' title="bbox 131 339 1165 437; baseline 0 -19"><span class='ocrx_word' id='word_1_6' title='bbox 131 358 219 418; x_wconf 87' lang='lat' dir='ltr'>mata</span> <span class='ocrx_word' id='word_1_7' title='bbox 241 352 476 437; x_wconf 68' lang='lat' dir='ltr'>pronuntiabat</span> <span class='ocrx_word' id='word_1_8' title='bbox 499 356 532 416; x_wconf 90' lang='lat' dir='ltr'>et</span> <span class='ocrx_word' id='word_1_9' title='bbox 556 349 679 417; x_wconf 81' lang='lat' dir='ltr'>Graeco</span> <span class='ocrx_word' id='word_1_10' title='bbox 702 355 736 416; x_wconf 93' lang='lat' dir='ltr'>et</span> <span class='ocrx_word' id='word_1_11' title='bbox 758 349 874 416; x_wconf 85' lang='lat' dir='ltr'>Latine</span> <span class='ocrx_word' id='word_1_12' title='bbox 899 351 955 437; x_wconf 90' lang='lat' dir='ltr'>sio,</span> <span class='ocrx_word' id='word_1_13' title='bbox 978 356 1016 417; x_wconf 93' lang='lat' dir='ltr'>ut</span> <span class='ocrx_word' id='word_1_14' title='bbox 1040 339 1165 437; x_wconf 67' lang='lat' dir='ltr'>supra&#39;</span> 
     </span>
    </p>

    <p class='ocr_par' dir='ltr' id='par_1_3' title="bbox 95 438 1140 1053">
     <span class='ocr_line' id='line_1_3' title="bbox 95 438 1140 526; baseline 0 -20"><span class='ocrx_word' id='word_1_15' title='bbox 95 441 213 506; x_wconf 79' lang='lat' dir='ltr'>anihil</span> <span class='ocrx_word' id='word_1_16' title='bbox 236 444 348 526; x_wconf 91' lang='lat' dir='ltr'>posset</span> <span class='ocrx_word' id='word_1_17' title='bbox 371 440 453 505; x_wconf 88' lang='lat' dir='ltr'>addi.</span> <span class='ocrx_word' id='word_1_18' title='bbox 499 439 617 523; x_wconf 90' lang='lat' dir='ltr'>quibus</span> <span class='ocrx_word' id='word_1_19' title='bbox 641 439 738 504; x_wconf 91' lang='lat' dir='ltr'>rebus</span> <span class='ocrx_word' id='word_1_20' title='bbox 764 439 889 505; x_wconf 86' lang='lat' dir='ltr'>factum</span> <span class='ocrx_word' id='word_1_21' title='bbox 912 443 1024 505; x_wconf 87' lang='lat' dir='ltr'>estut</span> <span class='ocrx_word' id='word_1_22' title='bbox 1047 438 1140 506; x_wconf 84' lang='lat' dir='ltr'>Sulla</span> 
     </span>
     <span class='ocr_line' id='line_1_4' title="bbox 130 527 1140 680; baseline 0 -86"><span class='ocrx_word' id='word_1_23' title='bbox 130 549 292 613; x_wconf 87' lang='lat' dir='ltr'>nusquam</span> <span class='ocrx_word' id='word_1_24' title='bbox 314 549 383 630; x_wconf 48' lang='lat' dir='ltr'>essm</span> <span class='ocrx_word' id='word_1_25' title='bbox 406 528 447 592; x_wconf 89' lang='lat' dir='ltr'>ab</span> <span class='ocrx_word' id='word_1_26' title='bbox 471 549 505 592; x_wconf 89' lang='lat' dir='ltr'>se</span> <span class='ocrx_word' id='word_1_27' title='bbox 529 527 710 593; x_wconf 89' lang='lat' dir='ltr'>dimitteret</span> <span class='ocrx_word' id='word_1_28' title='bbox 733 532 1064 680; x_wconf 63' lang='lat' dir='ltr'>cuperetquehseeum</span> <span class='ocrx_word' id='word_1_29' title='bbox 1087 527 1140 644; x_wconf 59' lang='lat' dir='ltr'>de;</span> 
     </span>
     <span class='ocr_line' id='line_1_5' title="bbox 131 616 1140 789; baseline 0.001 -19"><span class='ocrx_word' id='word_1_30' title='bbox 131 617 452 789; x_wconf 62' lang='lat' dir='ltr'>ttttatbtt</span> <span class='ocrx_word' id='word_1_31' title='bbox 472 616 1055 788; x_wconf 59' lang='lat' dir='ltr'>tltdttttttdtet?</span> <span class='ocrx_word' id='word_1_32' title='bbox 1065 621 1140 770; x_wconf 55' lang='lat' dir='ltr'>,h</span> 
     </span>
     <span class='ocr_line' id='line_1_6' title="bbox 132 789 1140 876; baseline 0.001 -19"><span class='ocrx_word' id='word_1_33' title='bbox 132 793 250 875; x_wconf 91' lang='lat' dir='ltr'>quibus</span> <span class='ocrx_word' id='word_1_34' title='bbox 272 814 313 857; x_wconf 85' lang='lat' dir='ltr'>ne</span> <span class='ocrx_word' id='word_1_35' title='bbox 336 796 451 858; x_wconf 86' lang='lat' dir='ltr'>contra</span> <span class='ocrx_word' id='word_1_36' title='bbox 468 796 501 857; x_wconf 90' lang='lat' dir='ltr'>te</span> <span class='ocrx_word' id='word_1_37' title='bbox 520 813 611 857; x_wconf 86' lang='lat' dir='ltr'>arma</span> <span class='ocrx_word' id='word_1_38' title='bbox 628 791 756 876; x_wconf 85' lang='lat' dir='ltr'>ferrem,</span> <span class='ocrx_word' id='word_1_39' title='bbox 778 789 911 857; x_wconf 87' lang='lat' dir='ltr'>Italiam</span> <span class='ocrx_word' id='word_1_40' title='bbox 929 791 1066 876; x_wconf 71' lang='lat' dir='ltr'>reliqui?</span> <span class='ocrx_word' id='word_1_41' title='bbox 1104 797 1140 858; x_wconf 85' lang='lat' dir='ltr'>at</span> 
     </span>
     <span class='ocr_line' id='line_1_7' title="bbox 133 877 1140 966; baseline -0.002 -20"><span class='ocrx_word' id='word_1_42' title='bbox 133 877 225 946; x_wconf 79' lang='lat' dir='ltr'>Sulla</span> <span class='ocrx_word' id='word_1_43' title='bbox 247 879 463 946; x_wconf 87' lang='lat' dir='ltr'>adulescentis</span> <span class='ocrx_word' id='word_1_44' title='bbox 487 879 595 946; x_wconf 84' lang='lat' dir='ltr'>officio</span> <span class='ocrx_word' id='word_1_45' title='bbox 615 880 799 946; x_wconf 89' lang='lat' dir='ltr'>collaudato</span> <span class='ocrx_word' id='word_1_46' title='bbox 820 880 930 945; x_wconf 89' lang='lat' dir='ltr'>omnia</span> <span class='ocrx_word' id='word_1_47' title='bbox 947 901 1082 946; x_wconf 89' lang='lat' dir='ltr'>munera</span> <span class='ocrx_word' id='word_1_48' title='bbox 1099 881 1140 966; x_wconf 89' lang='lat' dir='ltr'>ei,</span> 
     </span>
     <span class='ocr_line' id='line_1_8' title="bbox 133 966 1081 1053; baseline 0.001 -21"><span class='ocrx_word' id='word_1_49' title='bbox 133 989 215 1052; x_wconf 88' lang='lat' dir='ltr'>quae</span> <span class='ocrx_word' id='word_1_50' title='bbox 237 966 377 1032; x_wconf 80' lang='lat' dir='ltr'>Athenis</span> <span class='ocrx_word' id='word_1_51' title='bbox 401 972 578 1052; x_wconf 89' lang='lat' dir='ltr'>acceperat,</span> <span class='ocrx_word' id='word_1_52' title='bbox 600 968 808 1053; x_wconf 84' lang='lat' dir='ltr'>proficiscens</span> <span class='ocrx_word' id='word_1_53' title='bbox 831 967 930 1034; x_wconf 85' lang='lat' dir='ltr'>iussit</span> <span class='ocrx_word' id='word_1_54' title='bbox 952 967 1081 1034; x_wconf 87' lang='lat' dir='ltr'>deferri.</span> 
     </span>
    </p>

    <p class='ocr_par' dir='ltr' id='par_1_4' title="bbox 98 1053 1140 1318">
     <span class='ocr_line' id='line_1_9' title="bbox 98 1053 1140 1141; baseline 0.002 -21"><span class='ocrx_word' id='word_1_55' title='bbox 98 1073 113 1120; x_wconf 82' lang='lat' dir='ltr'>s</span> <span class='ocrx_word' id='word_1_56' title='bbox 220 1053 284 1120; x_wconf 89' lang='lat' dir='ltr'>Hie</span> <span class='ocrx_word' id='word_1_57' title='bbox 307 1055 488 1140; x_wconf 77' lang='lat' dir='ltr'>complures</span> <span class='ocrx_word' id='word_1_58' title='bbox 512 1077 614 1122; x_wconf 89' lang='lat' dir='ltr'>annos</span> <span class='ocrx_word' id='word_1_59' title='bbox 637 1061 796 1141; x_wconf 89' lang='lat' dir='ltr'>moratus,</span> <span class='ocrx_word' id='word_1_60' title='bbox 824 1077 898 1121; x_wconf 89' lang='lat' dir='ltr'>cum</span> <span class='ocrx_word' id='word_1_61' title='bbox 921 1057 1024 1122; x_wconf 87' lang='lat' dir='ltr'>atrei</span> <span class='ocrx_word' id='word_1_62' title='bbox 1047 1055 1140 1122; x_wconf 85' lang='lat' dir='ltr'>fami·</span> 
     </span>
     <span class='ocr_line' id='line_1_10' title="bbox 131 1143 1139 1231; baseline 0.003 -24"><span class='ocrx_word' id='word_1_63' title='bbox 131 1143 205 1208; x_wconf 86' lang='lat' dir='ltr'>liari</span> <span class='ocrx_word' id='word_1_64' title='bbox 232 1145 362 1208; x_wconf 85' lang='lat' dir='ltr'>tantum</span> <span class='ocrx_word' id='word_1_65' title='bbox 389 1165 506 1228; x_wconf 87' lang='lat' dir='ltr'>operae</span> <span class='ocrx_word' id='word_1_66' title='bbox 538 1145 644 1230; x_wconf 89' lang='lat' dir='ltr'>daret,</span> <span class='ocrx_word' id='word_1_67' title='bbox 677 1149 835 1228; x_wconf 88' lang='lat' dir='ltr'>quantum</span> <span class='ocrx_word' id='word_1_68' title='bbox 865 1165 933 1210; x_wconf 89' lang='lat' dir='ltr'>non</span> <span class='ocrx_word' id='word_1_69' title='bbox 963 1143 1139 1231; x_wconf 83' lang='lat' dir='ltr'><strong>indiligens</strong></span> 
     </span>
     <span class='ocr_line' id='line_1_11' title="bbox 132 1231 1139 1318; baseline 0.002 -22"><span class='ocrx_word' id='word_1_70' title='bbox 132 1232 264 1297; x_wconf 78' lang='lat' dir='ltr'>deberet</span> <span class='ocrx_word' id='word_1_71' title='bbox 286 1235 380 1316; x_wconf 89' lang='lat' dir='ltr'>pater</span> <span class='ocrx_word' id='word_1_72' title='bbox 402 1231 553 1318; x_wconf 87' lang='lat' dir='ltr'>familias,</span> <span class='ocrx_word' id='word_1_73' title='bbox 577 1237 610 1297; x_wconf 89' lang='lat' dir='ltr'>et</span> <span class='ocrx_word' id='word_1_74' title='bbox 633 1233 746 1300; x_wconf 86' lang='lat' dir='ltr'>omnia</span> <span class='ocrx_word' id='word_1_75' title='bbox 764 1232 890 1316; x_wconf 88' lang='lat' dir='ltr'>reliqua</span> <span class='ocrx_word' id='word_1_76' title='bbox 912 1237 1061 1317; x_wconf 85' lang='lat' dir='ltr'>tempora</span> <span class='ocrx_word' id='word_1_77' title='bbox 1081 1237 1139 1298; x_wconf 87' lang='lat' dir='ltr'>ant</span> 
     </span>
    </p>
   </div>
   <div class='ocr_carea' id='block_1_3' title="bbox 131 1319 1227 1407">
    <p class='ocr_par' dir='ltr' id='par_1_5' title="bbox 131 1319 1227 1407">
     <span class='ocr_line' id='line_1_12' title="bbox 131 1319 1227 1407; baseline 0.005 -25"><span class='ocrx_word' id='word_1_78' title='bbox 131 1319 252 1385; x_wconf 89' lang='lat' dir='ltr'>litteris</span> <span class='ocrx_word' id='word_1_79' title='bbox 272 1325 329 1386; x_wconf 85' lang='lat' dir='ltr'>eut</span> <span class='ocrx_word' id='word_1_80' title='bbox 342 1319 591 1386; x_wconf 75' lang='lat' dir='ltr'>Atheniensium</span> <span class='ocrx_word' id='word_1_81' title='bbox 610 1321 657 1387; x_wconf 88' lang='lat' dir='ltr'>rei</span> <span class='ocrx_word' id='word_1_82' title='bbox 674 1321 823 1407; x_wconf 88' lang='lat' dir='ltr'>publicae</span> <span class='ocrx_word' id='word_1_83' title='bbox 844 1321 1013 1406; x_wconf 85' lang='lat' dir='ltr'>tribueret,</span> <span class='ocrx_word' id='word_1_84' title='bbox 1034 1321 1138 1387; x_wconf 92' lang='lat' dir='ltr'>nihilo</span> <span class='ocrx_word' id='word_1_85' title='bbox 1222 1337 1227 1346; x_wconf 86' lang='lat'>·</span> 
     </span>
    </p>
   </div>
   <div class='ocr_carea' id='block_1_4' title="bbox 96 1408 1140 1494">
    <p class='ocr_par' dir='ltr' id='par_1_6' title="bbox 96 1408 1140 1494">
     <span class='ocr_line' id='line_1_13' title="bbox 96 1408 1140 1494; baseline 0 -20"><span class='ocrx_word' id='word_1_86' title='bbox 96 1408 239 1474; x_wconf 71' lang='lat' dir='ltr'>eminus</span> <span class='ocrx_word' id='word_1_87' title='bbox 272 1408 384 1474; x_wconf 87' lang='lat' dir='ltr'>amicis</span> <span class='ocrx_word' id='word_1_88' title='bbox 417 1411 541 1475; x_wconf 86' lang='lat' dir='ltr'>urbana</span> <span class='ocrx_word' id='word_1_89' title='bbox 573 1408 682 1475; x_wconf 87' lang='lat' dir='ltr'>officie</span> <span class='ocrx_word' id='word_1_90' title='bbox 712 1408 889 1494; x_wconf 84' lang='lat' dir='ltr'>praestitit.</span> <span class='ocrx_word' id='word_1_91' title='bbox 933 1428 1010 1474; x_wconf 82' lang='lat' dir='ltr'>nem</span> <span class='ocrx_word' id='word_1_92' title='bbox 1037 1413 1072 1474; x_wconf 92' lang='lat' dir='ltr'>et</span> <span class='ocrx_word' id='word_1_93' title='bbox 1099 1409 1140 1474; x_wconf 86' lang='lat' dir='ltr'>ad</span> 
     </span>
    </p>
   </div>
   <div class='ocr_carea' id='block_1_5' title="bbox 132 1495 1270 1582">
    <p class='ocr_par' dir='ltr' id='par_1_7' title="bbox 132 1495 1270 1582">
     <span class='ocr_line' id='line_1_14' title="bbox 132 1495 1270 1582; baseline 0.002 -21"><span class='ocrx_word' id='word_1_94' title='bbox 132 1495 266 1562; x_wconf 83' lang='lat' dir='ltr'>comitia</span> <span class='ocrx_word' id='word_1_95' title='bbox 292 1517 405 1562; x_wconf 90' lang='lat' dir='ltr'>eorum</span> <span class='ocrx_word' id='word_1_96' title='bbox 432 1497 607 1563; x_wconf 80' lang='lat' dir='ltr'>ventitavit</span> <span class='ocrx_word' id='word_1_97' title='bbox 633 1501 680 1582; x_wconf 89' lang='lat' dir='ltr'>et,</span> <span class='ocrx_word' id='word_1_98' title='bbox 710 1498 739 1562; x_wconf 87' lang='lat' dir='ltr'>si</span> <span class='ocrx_word' id='word_1_99' title='bbox 767 1518 831 1581; x_wconf 87' lang='lat' dir='ltr'>qua</span> <span class='ocrx_word' id='word_1_100' title='bbox 857 1518 910 1562; x_wconf 88' lang='lat' dir='ltr'>res</span> <span class='ocrx_word' id='word_1_101' title='bbox 937 1497 1042 1563; x_wconf 87' lang='lat' dir='ltr'>maior</span> <span class='ocrx_word' id='word_1_102' title='bbox 1065 1502 1140 1563; x_wconf 86' lang='lat' dir='ltr'>acta</span> <span class='ocrx_word' id='word_1_103' title='bbox 1266 1569 1270 1578; x_wconf 55' lang='grc'><em>,</em></span> 
     </span>
    </p>
   </div>
   <div class='ocr_carea' id='block_1_6' title="bbox 95 1583 1160 2989">
    <p class='ocr_par' dir='ltr' id='par_1_8' title="bbox 95 1583 1160 2989">
     <span class='ocr_line' id='line_1_15' title="bbox 132 1583 1139 1670; baseline 0.002 -22"><span class='ocrx_word' id='word_1_104' title='bbox 132 1587 192 1668; x_wconf 84' lang='lat' dir='ltr'>est,</span> <span class='ocrx_word' id='word_1_105' title='bbox 212 1605 280 1649; x_wconf 92' lang='lat' dir='ltr'>non</span> <span class='ocrx_word' id='word_1_106' title='bbox 302 1583 426 1652; x_wconf 71' lang='lat' dir='ltr'>desint..</span> <span class='ocrx_word' id='word_1_107' title='bbox 453 1585 538 1650; x_wconf 88' lang='lat' dir='ltr'>sieut</span> <span class='ocrx_word' id='word_1_108' title='bbox 561 1584 710 1651; x_wconf 81' lang='lat' dir='ltr'>Ciceroni</span> <span class='ocrx_word' id='word_1_109' title='bbox 732 1585 767 1650; x_wconf 91' lang='lat' dir='ltr'>in</span> <span class='ocrx_word' id='word_1_110' title='bbox 790 1585 941 1650; x_wconf 92' lang='lat' dir='ltr'>omnibus</span> <span class='ocrx_word' id='word_1_111' title='bbox 964 1585 1034 1650; x_wconf 91' lang='lat' dir='ltr'>eius</span> <span class='ocrx_word' id='word_1_112' title='bbox 1056 1587 1139 1670; x_wconf 92' lang='lat' dir='ltr'>peri·</span> 
     </span>
     <span class='ocr_line' id='line_1_16' title="bbox 132 1671 1139 1760; baseline 0.002 -24"><span class='ocrx_word' id='word_1_113' title='bbox 132 1671 213 1736; x_wconf 87' lang='lat' dir='ltr'>culis</span> <span class='ocrx_word' id='word_1_114' title='bbox 232 1671 431 1756; x_wconf 80' lang='lat' dir='ltr'>singularem</span> <span class='ocrx_word' id='word_1_115' title='bbox 449 1673 547 1737; x_wconf 89' lang='lat' dir='ltr'>fidem</span> <span class='ocrx_word' id='word_1_116' title='bbox 564 1672 729 1756; x_wconf 87' lang='lat' dir='ltr'>praebuit:</span> <span class='ocrx_word' id='word_1_117' title='bbox 753 1673 805 1737; x_wconf 87' lang='lat' dir='ltr'>oui</span> <span class='ocrx_word' id='word_1_118' title='bbox 818 1694 858 1737; x_wconf 85' lang='lat' dir='ltr'>ex</span> <span class='ocrx_word' id='word_1_119' title='bbox 875 1673 984 1757; x_wconf 88' lang='lat' dir='ltr'>patria</span> <span class='ocrx_word' id='word_1_120' title='bbox 998 1673 1139 1760; x_wconf 78' lang='lat' dir='ltr'>fugienti</span> 
     </span>
     <span class='ocr_line' id='line_1_17' title="bbox 132 1758 1139 1848; baseline 0.002 -24"><span class='ocrx_word' id='word_1_121' title='bbox 132 1758 319 1824; x_wconf 81' lang='lat' dir='ltr'>sestertium</span> <span class='ocrx_word' id='word_1_122' title='bbox 356 1759 495 1824; x_wconf 87' lang='lat' dir='ltr'>ducenta</span> <span class='ocrx_word' id='word_1_123' title='bbox 526 1763 560 1824; x_wconf 93' lang='lat' dir='ltr'>et</span> <span class='ocrx_word' id='word_1_124' title='bbox 596 1760 834 1848; x_wconf 86' lang='lat' dir='ltr'>quinquaginta</span> <span class='ocrx_word' id='word_1_125' title='bbox 870 1761 961 1826; x_wconf 88' lang='lat' dir='ltr'>milia</span> <span class='ocrx_word' id='word_1_126' title='bbox 997 1762 1139 1828; x_wconf 86' lang='lat' dir='ltr'>donavit.</span> 
     </span>
     <span class='ocr_line' id='line_1_18' title="bbox 96 1845 1139 1935; baseline 0.005 -23"><span class='ocrx_word' id='word_1_127' title='bbox 96 1863 112 1912; x_wconf 77' lang='lat' dir='ltr'>o</span> <span class='ocrx_word' id='word_1_128' title='bbox 132 1845 353 1930; x_wconf 77' lang='lat' dir='ltr'>tranquillatis</span> <span class='ocrx_word' id='word_1_129' title='bbox 372 1851 482 1912; x_wconf 87' lang='lat' dir='ltr'>antem</span> <span class='ocrx_word' id='word_1_130' title='bbox 501 1848 598 1914; x_wconf 90' lang='lat' dir='ltr'>rebus</span> <span class='ocrx_word' id='word_1_131' title='bbox 611 1846 769 1914; x_wconf 85' lang='lat' dir='ltr'>Romanis</span> <span class='ocrx_word' id='word_1_132' title='bbox 786 1849 977 1935; x_wconf 82' lang='lat' dir='ltr'>remigravit</span> <span class='ocrx_word' id='word_1_133' title='bbox 990 1847 1139 1935; x_wconf 87' lang='lat' dir='ltr'>Romam,</span> 
     </span>
     <span class='ocr_line' id='line_1_19' title="bbox 130 1932 1139 2022; baseline 0.003 -22"><span class='ocrx_word' id='word_1_134' title='bbox 130 1938 169 2000; x_wconf 91' lang='lat' dir='ltr'>ut</span> <span class='ocrx_word' id='word_1_135' title='bbox 200 1934 316 2019; x_wconf 89' lang='lat' dir='ltr'>opinor</span> <span class='ocrx_word' id='word_1_136' title='bbox 342 1932 379 2000; x_wconf 87' lang='lat' dir='ltr'>L.</span> <span class='ocrx_word' id='word_1_137' title='bbox 407 1932 507 2002; x_wconf 88' lang='lat' dir='ltr'>Cotta</span> <span class='ocrx_word' id='word_1_138' title='bbox 538 1934 575 2001; x_wconf 83' lang='lat' dir='ltr'>L.</span> <span class='ocrx_word' id='word_1_139' title='bbox 602 1935 768 2021; x_wconf 79' lang='lat' dir='ltr'>Torquato</span> <span class='ocrx_word' id='word_1_140' title='bbox 802 1937 1006 2002; x_wconf 89' lang='lat' dir='ltr'>consulibus:</span> <span class='ocrx_word' id='word_1_141' title='bbox 1042 1959 1139 2022; x_wconf 90' lang='lat' dir='ltr'>quem</span> 
     </span>
     <span class='ocr_line' id='line_1_20' title="bbox 131 2022 1139 2110; baseline 0.004 -23"><span class='ocrx_word' id='word_1_142' title='bbox 131 2022 351 2088; x_wconf 79' lang='lat' dir='ltr'>discedentem</span> <span class='ocrx_word' id='word_1_143' title='bbox 374 2023 421 2090; x_wconf 89' lang='lat' dir='ltr'>sio</span> <span class='ocrx_word' id='word_1_144' title='bbox 443 2024 595 2090; x_wconf 84' lang='lat' dir='ltr'>universa</span> <span class='ocrx_word' id='word_1_145' title='bbox 617 2025 732 2090; x_wconf 77' lang='lat' dir='ltr'>civitas</span> <span class='ocrx_word' id='word_1_146' title='bbox 755 2023 1005 2100; x_wconf 85' lang='lat' dir='ltr'>Atheniensium</span> <span class='ocrx_word' id='word_1_147' title='bbox 1029 2047 1139 2110; x_wconf 91' lang='lat' dir='ltr'>prose·</span> 
     </span>
     <span class='ocr_line' id='line_1_21' title="bbox 132 2111 1139 2194; baseline 0.002 -18"><span class='ocrx_word' id='word_1_148' title='bbox 132 2115 208 2176; x_wconf 83' lang='lat' dir='ltr'>outa</span> <span class='ocrx_word' id='word_1_149' title='bbox 222 2115 281 2194; x_wconf 89' lang='lat' dir='ltr'>est,</span> <span class='ocrx_word' id='word_1_150' title='bbox 303 2115 341 2176; x_wconf 93' lang='lat' dir='ltr'>ut</span> <span class='ocrx_word' id='word_1_151' title='bbox 359 2111 502 2178; x_wconf 79' lang='lat' dir='ltr'>lacrimis</span> <span class='ocrx_word' id='word_1_152' title='bbox 521 2113 672 2178; x_wconf 90' lang='lat' dir='ltr'>desiderii</span> <span class='ocrx_word' id='word_1_153' title='bbox 690 2112 794 2178; x_wconf 84' lang='lat' dir='ltr'>futuri</span> <span class='ocrx_word' id='word_1_154' title='bbox 812 2112 958 2178; x_wconf 88' lang='lat' dir='ltr'>dolorem</span> <span class='ocrx_word' id='word_1_155' title='bbox 971 2113 1139 2179; x_wconf 88' lang='lat' dir='ltr'>indicaret.</span> 
     </span>
     <span class='ocr_line' id='line_1_22' title="bbox 96 2197 1138 2284; baseline 0.002 -20"><span class='ocrx_word' id='word_1_156' title='bbox 96 2201 117 2264; x_wconf 85' lang='lat'>5</span> <span class='ocrx_word' id='word_1_157' title='bbox 219 2197 373 2264; x_wconf 85' lang='lat' dir='ltr'>Habebat</span> <span class='ocrx_word' id='word_1_158' title='bbox 401 2201 595 2265; x_wconf 80' lang='lat' dir='ltr'>avunculum</span> <span class='ocrx_word' id='word_1_159' title='bbox 623 2199 660 2276; x_wconf 81' lang='lat' dir='ltr'>Q.</span> <span class='ocrx_word' id='word_1_160' title='bbox 684 2199 875 2284; x_wconf 87' lang='lat' dir='ltr'>Caecilium,</span> <span class='ocrx_word' id='word_1_161' title='bbox 904 2201 1048 2284; x_wconf 88' lang='lat' dir='ltr'>equitem</span> <span class='ocrx_word' id='word_1_162' title='bbox 1075 2200 1138 2266; x_wconf 89' lang='lat' dir='ltr'>Ro-</span> 
     </span>
     <span class='ocr_line' id='line_1_23' title="bbox 131 2285 1160 2372; baseline 0.002 -20"><span class='ocrx_word' id='word_1_163' title='bbox 131 2307 277 2371; x_wconf 82' lang='lat' dir='ltr'>manurn,</span> <span class='ocrx_word' id='word_1_164' title='bbox 307 2286 504 2360; x_wconf 81' lang='lat' dir='ltr'>familiarem</span> <span class='ocrx_word' id='word_1_165' title='bbox 533 2285 568 2351; x_wconf 85' lang='lat' dir='ltr'>h.</span> <span class='ocrx_word' id='word_1_166' title='bbox 592 2286 734 2371; x_wconf 90' lang='lat' dir='ltr'>Luculli,</span> <span class='ocrx_word' id='word_1_167' title='bbox 766 2289 914 2372; x_wconf 85' lang='lat' dir='ltr'>divitem,</span> <span class='ocrx_word' id='word_1_168' title='bbox 946 2286 1160 2354; x_wconf 83' lang='lat' dir='ltr'>difficillima</span> 
     </span>
     <span class='ocr_line' id='line_1_24' title="bbox 130 2374 1138 2460; baseline 0.002 -21"><span class='ocrx_word' id='word_1_169' title='bbox 130 2379 261 2439; x_wconf 86' lang='lat' dir='ltr'>natura:</span> <span class='ocrx_word' id='word_1_170' title='bbox 294 2374 384 2440; x_wconf 89' lang='lat' dir='ltr'>cuius</span> <span class='ocrx_word' id='word_1_171' title='bbox 408 2375 455 2439; x_wconf 90' lang='lat' dir='ltr'>sic</span> <span class='ocrx_word' id='word_1_172' title='bbox 484 2375 695 2458; x_wconf 82' lang='lat' dir='ltr'>asperitatem</span> <span class='ocrx_word' id='word_1_173' title='bbox 721 2376 844 2440; x_wconf 84' lang='lat' dir='ltr'>veritus</span> <span class='ocrx_word' id='word_1_174' title='bbox 872 2379 936 2460; x_wconf 87' lang='lat' dir='ltr'>est,</span> <span class='ocrx_word' id='word_1_175' title='bbox 962 2379 1013 2459; x_wconf 89' lang='lat' dir='ltr'>nt,</span> <span class='ocrx_word' id='word_1_176' title='bbox 1041 2397 1138 2460; x_wconf 90' lang='lat' dir='ltr'>quern</span> 
     </span>
     <span class='ocr_line' id='line_1_25' title="bbox 130 2460 1137 2546; baseline 0.002 -20"><span class='ocrx_word' id='word_1_177' title='bbox 130 2483 225 2526; x_wconf 88' lang='lat' dir='ltr'>nomo</span> <span class='ocrx_word' id='word_1_178' title='bbox 248 2460 332 2526; x_wconf 86' lang='lat' dir='ltr'>ferre</span> <span class='ocrx_word' id='word_1_179' title='bbox 354 2465 477 2546; x_wconf 85' lang='lat' dir='ltr'>posset,</span> <span class='ocrx_word' id='word_1_180' title='bbox 498 2461 596 2526; x_wconf 92' lang='lat' dir='ltr'>huius</span> <span class='ocrx_word' id='word_1_181' title='bbox 620 2463 688 2527; x_wconf 89' lang='lat' dir='ltr'>sine</span> <span class='ocrx_word' id='word_1_182' title='bbox 713 2461 890 2530; x_wconf 87' lang='lat' dir='ltr'>offensione</span> <span class='ocrx_word' id='word_1_183' title='bbox 913 2463 954 2529; x_wconf 85' lang='lat' dir='ltr'>ed</span> <span class='ocrx_word' id='word_1_184' title='bbox 977 2484 1137 2529; x_wconf 87' lang='lat' dir='ltr'>summam</span> 
     </span>
     <span class='ocr_line' id='line_1_26' title="bbox 132 2547 1139 2636; baseline 0.003 -22"><span class='ocrx_word' id='word_1_185' title='bbox 132 2552 331 2614; x_wconf 85' lang='lat' dir='ltr'>senectutem</span> <span class='ocrx_word' id='word_1_186' title='bbox 354 2547 525 2615; x_wconf 87' lang='lat' dir='ltr'>retinuerit</span> <span class='ocrx_word' id='word_1_187' title='bbox 554 2549 816 2617; x_wconf 80' lang='lat' dir='ltr'>benivolentiam.</span> <span class='ocrx_word' id='word_1_188' title='bbox 861 2555 926 2636; x_wconf 86' lang='lat' dir='ltr'>qiro</span> <span class='ocrx_word' id='word_1_189' title='bbox 948 2550 1036 2618; x_wconf 87' lang='lat' dir='ltr'>facto</span> <span class='ocrx_word' id='word_1_190' title='bbox 1060 2553 1139 2617; x_wconf 89' lang='lat' dir='ltr'>tulit</span> 
     </span>
     <span class='ocr_line' id='line_1_27' title="bbox 95 2635 1137 2722; baseline 0.003 -19"><span class='ocrx_word' id='word_1_191' title='bbox 95 2655 112 2703; x_wconf 77' lang='lat' dir='ltr'>a</span> <span class='ocrx_word' id='word_1_192' title='bbox 130 2636 264 2722; x_wconf 89' lang='lat' dir='ltr'>pietatis</span> <span class='ocrx_word' id='word_1_193' title='bbox 286 2635 438 2704; x_wconf 79' lang='lat' dir='ltr'>finctum.</span> <span class='ocrx_word' id='word_1_194' title='bbox 484 2635 642 2704; x_wconf 76' lang='lat' dir='ltr'>Caecilius</span> <span class='ocrx_word' id='word_1_195' title='bbox 666 2639 752 2704; x_wconf 91' lang='lat' dir='ltr'>enim</span> <span class='ocrx_word' id='word_1_196' title='bbox 775 2639 916 2706; x_wconf 89' lang='lat' dir='ltr'>moriens</span> <span class='ocrx_word' id='word_1_197' title='bbox 938 2643 1137 2706; x_wconf 86' lang='lat' dir='ltr'>testamento</span> 
     </span>
     <span class='ocr_line' id='line_1_28' title="bbox 131 2723 1138 2813; baseline 0.004 -23"><span class='ocrx_word' id='word_1_198' title='bbox 131 2725 300 2810; x_wconf 86' lang='lat' dir='ltr'>adoptavit</span> <span class='ocrx_word' id='word_1_199' title='bbox 322 2747 396 2792; x_wconf 90' lang='lat' dir='ltr'>aum</span> <span class='ocrx_word' id='word_1_200' title='bbox 417 2723 632 2810; x_wconf 87' lang='lat' dir='ltr'>heredemque</span> <span class='ocrx_word' id='word_1_201' title='bbox 655 2725 734 2792; x_wconf 83' lang='lat' dir='ltr'>lecit</span> <span class='ocrx_word' id='word_1_202' title='bbox 756 2749 795 2792; x_wconf 86' lang='lat' dir='ltr'>ex</span> <span class='ocrx_word' id='word_1_203' title='bbox 818 2727 988 2793; x_wconf 88' lang='lat' dir='ltr'>dodrante:</span> <span class='ocrx_word' id='word_1_204' title='bbox 1011 2749 1051 2792; x_wconf 87' lang='lat' dir='ltr'>ex</span> <span class='ocrx_word' id='word_1_205' title='bbox 1074 2749 1138 2813; x_wconf 89' lang='lat' dir='ltr'>qua</span> 
     </span>
     <span class='ocr_line' id='line_1_29' title="bbox 96 2813 1138 2898; baseline 0.002 -19"><span class='ocrx_word' id='word_1_206' title='bbox 96 2814 310 2880; x_wconf 85' lang='lat' dir='ltr'>ehereditate</span> <span class='ocrx_word' id='word_1_207' title='bbox 342 2813 469 2898; x_wconf 87' lang='lat' dir='ltr'>aceepit</span> <span class='ocrx_word' id='word_1_208' title='bbox 496 2815 626 2881; x_wconf 84' lang='lat' dir='ltr'>circiter</span> <span class='ocrx_word' id='word_1_209' title='bbox 653 2815 797 2881; x_wconf 88' lang='lat' dir='ltr'>centiens</span> <span class='ocrx_word' id='word_1_210' title='bbox 825 2815 1021 2881; x_wconf 88' lang='lat' dir='ltr'>sestertium.</span> <span class='ocrx_word' id='word_1_211' title='bbox 1067 2821 1138 2881; x_wconf 89' lang='lat' dir='ltr'>erat</span> 
     </span>
     <span class='ocr_line' id='line_1_30' title="bbox 129 2900 1136 2989; baseline 0.003 -22"><span class='ocrx_word' id='word_1_212' title='bbox 129 2907 233 2988; x_wconf 88' lang='lat' dir='ltr'>nupta</span> <span class='ocrx_word' id='word_1_213' title='bbox 255 2923 348 2969; x_wconf 88' lang='lat' dir='ltr'>soror</span> <span class='ocrx_word' id='word_1_214' title='bbox 370 2900 477 2967; x_wconf 84' lang='lat' dir='ltr'>Attici</span> <span class='ocrx_word' id='word_1_215' title='bbox 501 2901 538 2979; x_wconf 81' lang='lat' dir='ltr'>Q.</span> <span class='ocrx_word' id='word_1_216' title='bbox 556 2901 664 2970; x_wconf 82' lang='lat' dir='ltr'>Tullio</span> <span class='ocrx_word' id='word_1_217' title='bbox 683 2901 841 2988; x_wconf 80' lang='lat' dir='ltr'>Ciceroni,</span> <span class='ocrx_word' id='word_1_218' title='bbox 864 2925 982 2988; x_wconf 88' lang='lat' dir='ltr'>easque</span> <span class='ocrx_word' id='word_1_219' title='bbox 1005 2904 1136 2989; x_wconf 84' lang='lat' dir='ltr'>nuptias</span> 
     </span>
    </p>
   </div>
   <div class='ocr_carea' id='block_1_7' title="bbox 129 2988 1178 3076">
    <p class='ocr_par' dir='ltr' id='par_1_9' title="bbox 129 2988 1178 3076">
     <span class='ocr_line' id='line_1_31' title="bbox 129 2988 1178 3076; baseline 0.001 -22"><span class='ocrx_word' id='word_1_220' title='bbox 129 2988 172 3054; x_wconf 91' lang='lat' dir='ltr'>M.</span> <span class='ocrx_word' id='word_1_221' title='bbox 197 2989 310 3057; x_wconf 88' lang='lat' dir='ltr'>Cicero</span> <span class='ocrx_word' id='word_1_222' title='bbox 339 2989 541 3074; x_wconf 87' lang='lat' dir='ltr'>conciliarat,</span> <span class='ocrx_word' id='word_1_223' title='bbox 569 3013 642 3056; x_wconf 89' lang='lat' dir='ltr'>cum</span> <span class='ocrx_word' id='word_1_224' title='bbox 670 3012 734 3076; x_wconf 89' lang='lat' dir='ltr'>quo</span> <span class='ocrx_word' id='word_1_225' title='bbox 763 3013 783 3056; x_wconf 87' lang='lat' dir='ltr'>a</span> <span class='ocrx_word' id='word_1_226' title='bbox 810 2991 1069 3076; x_wconf 88' lang='lat' dir='ltr'>condiscipulatu</span> <span class='ocrx_word' id='word_1_227' title='bbox 1091 2992 1136 3056; x_wconf 83' lang='lat' dir='ltr'>ri·</span> <span class='ocrx_word' id='word_1_228' title='bbox 1174 2995 1178 3002; x_wconf 87' lang='grc'><strong>’</strong></span> 
     </span>
    </p>
   </div>
   <div class='ocr_carea' id='block_1_8' title="bbox 82 3077 1137 3340">
    <p class='ocr_par' dir='ltr' id='par_1_10' title="bbox 82 3077 1137 3340">
     <span class='ocr_line' id='line_1_32' title="bbox 129 3077 1137 3164; baseline 0.003 -22"><span class='ocrx_word' id='word_1_229' title='bbox 129 3079 227 3142; x_wconf 83' lang='lat' dir='ltr'>vebat</span> <span class='ocrx_word' id='word_1_230' title='bbox 255 3077 531 3163; x_wconf 89' lang='lat' dir='ltr'>coniunctissime,</span> <span class='ocrx_word' id='word_1_231' title='bbox 559 3079 662 3145; x_wconf 89' lang='lat' dir='ltr'>multo</span> <span class='ocrx_word' id='word_1_232' title='bbox 691 3080 791 3145; x_wconf 87' lang='lat' dir='ltr'>etiam</span> <span class='ocrx_word' id='word_1_233' title='bbox 817 3079 1011 3145; x_wconf 84' lang='lat' dir='ltr'>familiarius</span> <span class='ocrx_word' id='word_1_234' title='bbox 1039 3100 1137 3164; x_wconf 87' lang='lat' dir='ltr'>quam</span> 
     </span>
     <span class='ocr_line' id='line_1_33' title="bbox 82 3165 1137 3252; baseline 0 -18"><span class='ocrx_word' id='word_1_235' title='bbox 82 3229 84 3234; x_wconf 90' lang='lat'><em>.</em></span> <span class='ocrx_word' id='word_1_236' title='bbox 130 3185 203 3230; x_wconf 88' lang='lat' dir='ltr'>eum</span> <span class='ocrx_word' id='word_1_237' title='bbox 221 3165 352 3249; x_wconf 85' lang='lat' dir='ltr'>Quinto,</span> <span class='ocrx_word' id='word_1_238' title='bbox 374 3170 413 3231; x_wconf 89' lang='lat' dir='ltr'>ut</span> <span class='ocrx_word' id='word_1_239' title='bbox 435 3166 571 3232; x_wconf 87' lang='lat' dir='ltr'>iudicari</span> <span class='ocrx_word' id='word_1_240' title='bbox 593 3168 699 3252; x_wconf 86' lang='lat' dir='ltr'>possit</span> <span class='ocrx_word' id='word_1_241' title='bbox 721 3169 795 3252; x_wconf 90' lang='lat' dir='ltr'>plus</span> <span class='ocrx_word' id='word_1_242' title='bbox 814 3168 849 3232; x_wconf 93' lang='lat' dir='ltr'>in</span> <span class='ocrx_word' id='word_1_243' title='bbox 867 3167 1012 3234; x_wconf 87' lang='lat' dir='ltr'>amicitia</span> <span class='ocrx_word' id='word_1_244' title='bbox 1030 3167 1137 3234; x_wconf 88' lang='lat' dir='ltr'>valere</span> 
     </span>
     <span class='ocr_line' id='line_1_34' title="bbox 91 3253 1137 3340; baseline 0.005 -23"><span class='ocrx_word' id='word_1_245' title='bbox 91 3270 111 3318; x_wconf 76' lang='lat' dir='ltr'>s</span> <span class='ocrx_word' id='word_1_246' title='bbox 129 3253 376 3319; x_wconf 89' lang='lat' dir='ltr'>similitudinem</span> <span class='ocrx_word' id='word_1_247' title='bbox 390 3275 519 3320; x_wconf 89' lang='lat' dir='ltr'>morum</span> <span class='ocrx_word' id='word_1_248' title='bbox 533 3277 629 3340; x_wconf 90' lang='lat' dir='ltr'>quam</span> <span class='ocrx_word' id='word_1_249' title='bbox 640 3255 843 3321; x_wconf 87' lang='lat' dir='ltr'>affinitatem.</span> <span class='ocrx_word' id='word_1_250' title='bbox 861 3256 1018 3322; x_wconf 90' lang='lat' dir='ltr'>utebatur</span> <span class='ocrx_word' id='word_1_251' title='bbox 1027 3260 1137 3322; x_wconf 88' lang='lat' dir='ltr'>autem</span> 
     </span>
    </p>
   </div>
   <div class='ocr_carea' id='block_1_9' title="bbox 125 3340 1276 3612">
    <p class='ocr_par' dir='ltr' id='par_1_11' title="bbox 125 3340 1276 3612">
     <span class='ocr_line' id='line_1_35' title="bbox 128 3340 1137 3430; baseline 0.003 -25"><span class='ocrx_word' id='word_1_252' title='bbox 128 3341 243 3406; x_wconf 88' lang='lat' dir='ltr'>intime</span> <span class='ocrx_word' id='word_1_253' title='bbox 267 3340 304 3418; x_wconf 78' lang='lat' dir='ltr'>Q.</span> <span class='ocrx_word' id='word_1_254' title='bbox 327 3340 519 3426; x_wconf 87' lang='lat' dir='ltr'>Hortensio,</span> <span class='ocrx_word' id='word_1_255' title='bbox 549 3343 605 3427; x_wconf 94' lang='lat' dir='ltr'>qui</span> <span class='ocrx_word' id='word_1_256' title='bbox 627 3343 667 3407; x_wconf 91' lang='lat' dir='ltr'>iis</span> <span class='ocrx_word' id='word_1_257' title='bbox 691 3344 893 3428; x_wconf 87' lang='lat' dir='ltr'>temporibus</span> <span class='ocrx_word' id='word_1_258' title='bbox 916 3343 1137 3430; x_wconf 88' lang='lat' dir='ltr'>principatum</span> 
     </span>
     <span class='ocr_line' id='line_1_36' title="bbox 128 3427 1137 3516; baseline 0.004 -24"><span class='ocrx_word' id='word_1_259' title='bbox 128 3427 332 3512; x_wconf 90' lang='lat' dir='ltr'>eloquentiae</span> <span class='ocrx_word' id='word_1_260' title='bbox 355 3430 498 3513; x_wconf 87' lang='lat' dir='ltr'>tenebat,</span> <span class='ocrx_word' id='word_1_261' title='bbox 520 3434 558 3494; x_wconf 90' lang='lat' dir='ltr'>ut</span> <span class='ocrx_word' id='word_1_262' title='bbox 575 3431 723 3515; x_wconf 89' lang='lat' dir='ltr'>intellegi</span> <span class='ocrx_word' id='word_1_263' title='bbox 740 3452 806 3496; x_wconf 92' lang='lat' dir='ltr'>non</span> <span class='ocrx_word' id='word_1_264' title='bbox 823 3435 945 3516; x_wconf 88' lang='lat' dir='ltr'>posset,</span> <span class='ocrx_word' id='word_1_265' title='bbox 966 3435 1042 3498; x_wconf 90' lang='lat' dir='ltr'>uter</span> <span class='ocrx_word' id='word_1_266' title='bbox 1062 3454 1137 3497; x_wconf 89' lang='lat' dir='ltr'>eum</span> 
     </span>
     <span class='ocr_line' id='line_1_37' title="bbox 125 3513 1276 3612; baseline 0.004 -34"><span class='ocrx_word' id='word_1_267' title='bbox 125 3513 201 3596; x_wconf 88' lang='lat' dir='ltr'>plus</span> <span class='ocrx_word' id='word_1_268' title='bbox 225 3516 384 3602; x_wconf 89' lang='lat' dir='ltr'>diligeret,</span> <span class='ocrx_word' id='word_1_269' title='bbox 408 3513 521 3612; x_wconf 83' lang='lat' dir='ltr'>Cicero</span> <span class='ocrx_word' id='word_1_270' title='bbox 545 3537 586 3582; x_wconf 89' lang='lat' dir='ltr'>an</span> <span class='ocrx_word' id='word_1_271' title='bbox 603 3516 814 3583; x_wconf 87' lang='lat' dir='ltr'>Hortensius:</span> <span class='ocrx_word' id='word_1_272' title='bbox 838 3523 880 3604; x_wconf 88' lang='lat' dir='ltr'>et,</span> <span class='ocrx_word' id='word_1_273' title='bbox 902 3519 936 3583; x_wconf 91' lang='lat' dir='ltr'>id</span> <span class='ocrx_word' id='word_1_274' title='bbox 955 3519 1042 3601; x_wconf 88' lang='lat' dir='ltr'>quod</span> <span class='ocrx_word' id='word_1_275' title='bbox 1066 3521 1136 3584; x_wconf 88' lang='lat' dir='ltr'>erat</span> <span class='ocrx_word' id='word_1_276' title='bbox 1272 3594 1276 3602; x_wconf 23' lang='grc' dir='ltr'>Ι</span> 
     </span>
    </p>
   </div>
   <div class='ocr_carea' id='block_1_10' title="bbox 1288 405 1290 464">
    <p class='ocr_par' dir='ltr' id='par_1_12' title="bbox 1288 405 1290 464">
     <span class='ocr_line' id='line_1_38' title="bbox 1288 405 1290 464; baseline 0 0"><span class='ocrx_word' id='word_1_277' title='bbox 1288 405 1290 464; x_wconf 84' lang='lat' dir='ltr'>l</span> 
     </span>
    </p>
   </div>
   <div class='ocr_carea' id='block_1_11' title="bbox 0 0 1302 3910">
    <p class='ocr_par' dir='ltr' id='par_1_13' title="bbox 0 0 1302 3910">
     <span class='ocr_line' id='line_1_39' title="bbox 0 0 1302 3910; baseline 0 0"><span class='ocrx_word' id='word_1_278' title='bbox 0 0 1302 3910; x_wconf 95' lang='lat' dir='ltr'> </span> 
     </span>
    </p>
   </div>
  </div>
 </body>
</html>
