<?xml version="1.0" encoding="UTF-8"?>
<!DOCTYPE html PUBLIC "-//W3C//DTD XHTML 1.0 Transitional//EN"
    "http://www.w3.org/TR/xhtml1/DTD/xhtml1-transitional.dtd">
<html xmlns="http://www.w3.org/1999/xhtml" xml:lang="en" lang="en">
 <head>
  <title>
</title>
<meta http-equiv="Content-Type" content="text/html;charset=utf-8" />
  <meta name='ocr-system' content='tesseract 3.04.00' />
  <meta name='ocr-capabilities' content='ocr_page ocr_carea ocr_par ocr_line ocrx_word'/>
</head>
<body>
  <div class='ocr_page' id='page_1' title='image "./corneliinepotis21nepogoog_0100.png"; bbox 0 0 2596 3910; ppageno 0'>
   <div class='ocr_carea' id='block_1_1' title="bbox 471 174 1223 277">
    <p class='ocr_par' dir='ltr' id='par_1_1' title="bbox 471 174 1223 277">
     <span class='ocr_line' id='line_1_1' title="bbox 471 174 1223 277; baseline 0.004 -15"><span class='ocrx_word' id='word_1_1' title='bbox 471 207 557 266; x_wconf 84' lang='lat' dir='ltr'>xxn.</span> <span class='ocrx_word' id='word_1_2' title='bbox 575 206 772 265; x_wconf 73' lang='lat' dir='ltr'>namecha.</span> <span class='ocrx_word' id='word_1_3' title='bbox 799 217 824 265; x_wconf 79' lang='grc' dir='ltr'>ι.</span> <span class='ocrx_word' id='word_1_4' title='bbox 1113 212 1156 277; x_wconf 86' lang='lat'>89</span> <span class='ocrx_word' id='word_1_5' title='bbox 1218 174 1223 182; x_wconf 70' lang='grc'><strong>’</strong></span> 
     </span>
    </p>
   </div>
   <div class='ocr_carea' id='block_1_2' title="bbox 141 352 1267 1057">
    <p class='ocr_par' dir='ltr' id='par_1_2' title="bbox 147 352 1267 1054">
     <span class='ocr_line' id='line_1_2' title="bbox 147 352 1267 438; baseline 0.004 -21"><span class='ocrx_word' id='word_1_6' title='bbox 147 353 227 418; x_wconf 81' lang='lat' dir='ltr'>viris</span> <span class='ocrx_word' id='word_1_7' title='bbox 228 353 396 438; x_wconf 85' lang='lat' dir='ltr'>,pecunia</span> <span class='ocrx_word' id='word_1_8' title='bbox 417 357 523 419; x_wconf 91' lang='lat' dir='ltr'>totam</span> <span class='ocrx_word' id='word_1_9' title='bbox 545 353 758 436; x_wconf 76' lang='lat' dir='ltr'>locupletarit</span> <span class='ocrx_word' id='word_1_10' title='bbox 743 352 926 420; x_wconf 87' lang='lat' dir='ltr'>tAfricam.</span> <span class='ocrx_word' id='word_1_11' title='bbox 957 355 1011 420; x_wconf 92' lang='lat' dir='ltr'>hic</span> <span class='ocrx_word' id='word_1_12' title='bbox 1030 377 1103 420; x_wconf 89' lang='lat' dir='ltr'>oum</span> <span class='ocrx_word' id='word_1_13' title='bbox 1120 357 1190 422; x_wconf 78' lang='lat' dir='ltr'>ina</span> <span class='ocrx_word' id='word_1_14' title='bbox 1263 393 1267 401; x_wconf 95' lang='lat'>·</span> 
     </span>
     <span class='ocr_line' id='line_1_3' title="bbox 148 441 1156 528; baseline 0.002 -22"><span class='ocrx_word' id='word_1_15' title='bbox 148 441 214 506; x_wconf 92' lang='lat' dir='ltr'>Ital</span> <span class='ocrx_word' id='word_1_16' title='bbox 167 441 280 506; x_wconf 90' lang='lat' dir='ltr'>taiam</span> <span class='ocrx_word' id='word_1_17' title='bbox 303 441 426 507; x_wconf 89' lang='lat' dir='ltr'>bellum</span> <span class='ocrx_word' id='word_1_18' title='bbox 448 441 567 506; x_wconf 89' lang='lat' dir='ltr'>inferre</span> <span class='ocrx_word' id='word_1_19' title='bbox 591 441 692 506; x_wconf 84' lang='lat' dir='ltr'>medit</span> <span class='ocrx_word' id='word_1_20' title='bbox 677 445 816 526; x_wconf 84' lang='lat' dir='ltr'>teretur,</span> <span class='ocrx_word' id='word_1_21' title='bbox 845 464 932 509; x_wconf 89' lang='lat' dir='ltr'>nono</span> <span class='ocrx_word' id='word_1_22' title='bbox 956 464 1040 509; x_wconf 88' lang='lat' dir='ltr'>anno</span> <span class='ocrx_word' id='word_1_23' title='bbox 1068 449 1156 528; x_wconf 83' lang='lat' dir='ltr'>post</span> 
     </span>
     <span class='ocr_line' id='line_1_4' title="bbox 150 529 1156 684; baseline 0.001 -90"><span class='ocrx_word' id='word_1_24' title='bbox 150 551 247 614; x_wconf 88' lang='lat' dir='ltr'>quarn</span> <span class='ocrx_word' id='word_1_25' title='bbox 269 530 304 594; x_wconf 91' lang='lat' dir='ltr'>in</span> <span class='ocrx_word' id='word_1_26' title='bbox 327 529 520 613; x_wconf 77' lang='lat' dir='ltr'>Hispaniam</span> <span class='ocrx_word' id='word_1_27' title='bbox 543 533 689 614; x_wconf 85' lang='lat' dir='ltr'>venerat,</span> <span class='ocrx_word' id='word_1_28' title='bbox 718 530 770 595; x_wconf 89' lang='lat' dir='ltr'>in</span> <span class='ocrx_word' id='word_1_29' title='bbox 778 531 903 614; x_wconf 90' lang='lat' dir='ltr'>proelio</span> <span class='ocrx_word' id='word_1_30' title='bbox 929 550 1080 684; x_wconf 83' lang='lat' dir='ltr'>pugnans</span> <span class='ocrx_word' id='word_1_31' title='bbox 1104 533 1156 596; x_wconf 88' lang='lat' dir='ltr'>ad·</span> 
     </span>
     <span class='ocr_line' id='line_1_5' title="bbox 148 615 1208 704; baseline -0.003 -22"><span class='ocrx_word' id='word_1_32' title='bbox 148 638 260 683; x_wconf 83' lang='lat' dir='ltr'>versus</span> <span class='ocrx_word' id='word_1_33' title='bbox 283 615 365 682; x_wconf 89' lang='lat' dir='ltr'>Vett</span> <span class='ocrx_word' id='word_1_34' title='bbox 350 621 444 683; x_wconf 85' lang='lat' dir='ltr'>tonos</span> <span class='ocrx_word' id='word_1_35' title='bbox 468 617 592 683; x_wconf 89' lang='lat' dir='ltr'>occisus</span> <span class='ocrx_word' id='word_1_36' title='bbox 616 622 675 682; x_wconf 91' lang='lat' dir='ltr'>est.</span> <span class='ocrx_word' id='word_1_37' title='bbox 709 617 805 684; x_wconf 88' lang='lat' dir='ltr'>huius</span> <span class='ocrx_word' id='word_1_38' title='bbox 828 623 943 704; x_wconf 90' lang='lat' dir='ltr'>perpet</span> <span class='ocrx_word' id='word_1_39' title='bbox 944 641 1023 684; x_wconf 86' lang='lat' dir='ltr'>uum</span> <span class='ocrx_word' id='word_1_40' title='bbox 1046 619 1156 684; x_wconf 88' lang='lat' dir='ltr'>odium</span> <span class='ocrx_word' id='word_1_41' title='bbox 1174 637 1208 685; x_wconf 85' lang='lat' dir='ltr'>a.</span> 
     </span>
     <span class='ocr_line' id='line_1_6' title="bbox 149 704 1156 792; baseline 0.002 -22"><span class='ocrx_word' id='word_1_42' title='bbox 149 726 227 792; x_wconf 85' lang='lat' dir='ltr'>erga</span> <span class='ocrx_word' id='word_1_43' title='bbox 253 704 419 771; x_wconf 80' lang='lat' dir='ltr'>Romanor</span> <span class='ocrx_word' id='word_1_44' title='bbox 447 705 586 770; x_wconf 85' lang='lat' dir='ltr'>maxime</span> <span class='ocrx_word' id='word_1_45' title='bbox 615 706 795 772; x_wconf 86' lang='lat' dir='ltr'>concitasse</span> <span class='ocrx_word' id='word_1_46' title='bbox 823 707 952 772; x_wconf 79' lang='lat' dir='ltr'>uidetur</span> <span class='ocrx_word' id='word_1_47' title='bbox 981 707 1156 773; x_wconf 88' lang='lat' dir='ltr'>secundum</span> 
     </span>
     <span class='ocr_line' id='line_1_7' title="bbox 148 793 1157 880; baseline 0.002 -22"><span class='ocrx_word' id='word_1_48' title='bbox 148 793 271 859; x_wconf 87' lang='lat' dir='ltr'>bellum</span> <span class='ocrx_word' id='word_1_49' title='bbox 293 793 477 859; x_wconf 83' lang='lat' dir='ltr'><strong>Poenicum.</strong></span> <span class='ocrx_word' id='word_1_50' title='bbox 512 814 652 877; x_wconf 88' lang='lat' dir='ltr'>namque</span> <span class='ocrx_word' id='word_1_51' title='bbox 670 793 844 879; x_wconf 87' lang='lat' dir='ltr'>Hannibal,</span> <span class='ocrx_word' id='word_1_52' title='bbox 866 795 953 860; x_wconf 91' lang='lat' dir='ltr'>filius</span> <span class='ocrx_word' id='word_1_53' title='bbox 977 795 1056 880; x_wconf 88' lang='lat' dir='ltr'>eius,</span> <span class='ocrx_word' id='word_1_54' title='bbox 1078 796 1157 860; x_wconf 88' lang='lat' dir='ltr'>assi·</span> 
     </span>
     <span class='ocr_line' id='line_1_8' title="bbox 141 846 1156 975; baseline 0.001 -28.008"><span class='ocrx_word' id='word_1_55' title='bbox 141 882 220 975; x_wconf 74' lang='lat' dir='ltr'>⁰duis</span> <span class='ocrx_word' id='word_1_56' title='bbox 234 881 339 966; x_wconf 89' lang='lat' dir='ltr'>patris</span> <span class='ocrx_word' id='word_1_57' title='bbox 353 881 628 947; x_wconf 89' lang='lat' dir='ltr'>obtestationibus</span> <span class='ocrx_word' id='word_1_58' title='bbox 643 903 681 947; x_wconf 90' lang='lat' dir='ltr'>eo</span> <span class='ocrx_word' id='word_1_59' title='bbox 696 886 747 947; x_wconf 89' lang='lat' dir='ltr'>est</span> <span class='ocrx_word' id='word_1_60' title='bbox 765 846 949 968; x_wconf 88' lang='lat' dir='ltr'>perductus,</span> <span class='ocrx_word' id='word_1_61' title='bbox 967 887 1006 948; x_wconf 87' lang='grc' dir='ltr'>ιιι</span> <span class='ocrx_word' id='word_1_62' title='bbox 1021 883 1156 950; x_wconf 88' lang='lat' dir='ltr'>interire</span> 
     </span>
     <span class='ocr_line' id='line_1_9' title="bbox 150 968 832 1057; baseline 0.003 -23"><span class='ocrx_word' id='word_1_63' title='bbox 150 991 247 1054; x_wconf 89' lang='lat' dir='ltr'>quam</span> <span class='ocrx_word' id='word_1_64' title='bbox 271 968 436 1034; x_wconf 90' lang='lat' dir='ltr'>Romanos</span> <span class='ocrx_word' id='word_1_65' title='bbox 458 991 524 1035; x_wconf 90' lang='lat' dir='ltr'>non</span> <span class='ocrx_word' id='word_1_66' title='bbox 547 969 686 1057; x_wconf 83' lang='lat' dir='ltr'>experiri</span> <span class='ocrx_word' id='word_1_67' title='bbox 710 972 832 1036; x_wconf 90' lang='lat' dir='ltr'>mallet.</span> 
     </span>
    </p>
   </div>
   <div class='ocr_carea' id='block_1_3' title="bbox 441 1269 865 1344">
    <p class='ocr_par' dir='ltr' id='par_1_3' title="bbox 441 1269 865 1344">
     <span class='ocr_line' id='line_1_10' title="bbox 441 1269 865 1344; baseline 0 -2"><span class='ocrx_word' id='word_1_68' title='bbox 441 1271 571 1342; x_wconf 88' lang='grc' dir='ltr'><strong>ΧΧΠΙ.</strong></span> <span class='ocrx_word' id='word_1_69' title='bbox 599 1269 865 1344; x_wconf 78' lang='lat' dir='ltr'><strong>HANNIBAL.</strong></span> 
     </span>
    </p>
   </div>
   <div class='ocr_carea' id='block_1_4' title="bbox 69 1407 1282 3604">
    <p class='ocr_par' dir='ltr' id='par_1_4' title="bbox 148 1407 1282 2264">
     <span class='ocr_line' id='line_1_11' title="bbox 237 1407 1193 1494; baseline 0.004 -22"><span class='ocrx_word' id='word_1_70' title='bbox 237 1407 416 1492; x_wconf 74' lang='lat' dir='ltr'><strong>Hannibal,</strong></span> <span class='ocrx_word' id='word_1_71' title='bbox 438 1407 634 1474; x_wconf 78' lang='lat' dir='ltr'>Hamilcaris</span> <span class='ocrx_word' id='word_1_72' title='bbox 657 1409 758 1493; x_wconf 87' lang='lat' dir='ltr'>filius,</span> <span class='ocrx_word' id='word_1_73' title='bbox 788 1407 1082 1494; x_wconf 79' lang='lat' dir='ltr'>Karthaginiensis.</span> <span class='ocrx_word' id='word_1_74' title='bbox 1128 1410 1193 1476; x_wconf 89' lang='lat' dir='ltr'>sil</span> 
     </span>
     <span class='ocr_line' id='line_1_12' title="bbox 148 1494 1156 1581; baseline 0 -19"><span class='ocrx_word' id='word_1_75' title='bbox 148 1517 260 1562; x_wconf 83' lang='lat' dir='ltr'>verum</span> <span class='ocrx_word' id='word_1_76' title='bbox 283 1500 348 1581; x_wconf 89' lang='lat' dir='ltr'>est,</span> <span class='ocrx_word' id='word_1_77' title='bbox 371 1496 458 1581; x_wconf 93' lang='lat' dir='ltr'>quod</span> <span class='ocrx_word' id='word_1_78' title='bbox 479 1518 575 1561; x_wconf 88' lang='lat' dir='ltr'>nemo</span> <span class='ocrx_word' id='word_1_79' title='bbox 599 1497 744 1581; x_wconf 88' lang='lat' dir='ltr'>dubitat,</span> <span class='ocrx_word' id='word_1_80' title='bbox 766 1500 804 1562; x_wconf 92' lang='lat' dir='ltr'>ut</span> <span class='ocrx_word' id='word_1_81' title='bbox 826 1496 966 1581; x_wconf 90' lang='lat' dir='ltr'>populus</span> <span class='ocrx_word' id='word_1_82' title='bbox 990 1494 1156 1562; x_wconf 87' lang='lat' dir='ltr'>Romanus</span> 
     </span>
     <span class='ocr_line' id='line_1_13' title="bbox 150 1584 1157 1671; baseline 0 -21"><span class='ocrx_word' id='word_1_83' title='bbox 150 1605 260 1650; x_wconf 90' lang='lat' dir='ltr'>omnes</span> <span class='ocrx_word' id='word_1_84' title='bbox 288 1588 402 1671; x_wconf 80' lang='lat' dir='ltr'>gentes</span> <span class='ocrx_word' id='word_1_85' title='bbox 429 1585 551 1650; x_wconf 77' lang='grc' dir='ltr'>ιιιιιιιι</span> <span class='ocrx_word' id='word_1_86' title='bbox 580 1585 756 1670; x_wconf 86' lang='lat' dir='ltr'>superarit,</span> <span class='ocrx_word' id='word_1_87' title='bbox 783 1588 924 1650; x_wconf 90' lang='lat' dir='ltr'>nonest</span> <span class='ocrx_word' id='word_1_88' title='bbox 950 1584 1157 1650; x_wconf 84' lang='lat' dir='ltr'>infitiandum</span> 
     </span>
     <span class='ocr_line' id='line_1_14' title="bbox 148 1671 1157 1758; baseline 0.002 -22"><span class='ocrx_word' id='word_1_89' title='bbox 148 1671 367 1737; x_wconf 87' lang='lat' dir='ltr'>Hannibalem</span> <span class='ocrx_word' id='word_1_90' title='bbox 384 1677 477 1738; x_wconf 88' lang='lat' dir='ltr'>tanto</span> <span class='ocrx_word' id='word_1_91' title='bbox 496 1674 702 1756; x_wconf 73' lang='lat' dir='ltr'>praestitisse</span> <span class='ocrx_word' id='word_1_92' title='bbox 717 1673 1070 1758; x_wconf 84' lang='lat' dir='ltr'>oeterosimperatores</span> <span class='ocrx_word' id='word_1_93' title='bbox 1084 1695 1157 1758; x_wconf 91' lang='lat' dir='ltr'>pru·</span> 
     </span>
     <span class='ocr_line' id='line_1_15' title="bbox 150 1760 1261 1844; baseline 0.003 -20"><span class='ocrx_word' id='word_1_94' title='bbox 150 1760 268 1843; x_wconf 81' lang='lat' dir='ltr'>dentis,</span> <span class='ocrx_word' id='word_1_95' title='bbox 292 1765 414 1844; x_wconf 91' lang='lat' dir='ltr'>quanto</span> <span class='ocrx_word' id='word_1_96' title='bbox 432 1762 571 1844; x_wconf 88' lang='lat' dir='ltr'>populus</span> <span class='ocrx_word' id='word_1_97' title='bbox 590 1761 757 1828; x_wconf 85' lang='lat' dir='ltr'>Romanus</span> <span class='ocrx_word' id='word_1_98' title='bbox 776 1763 947 1827; x_wconf 87' lang='lat' dir='ltr'>antecedat</span> <span class='ocrx_word' id='word_1_99' title='bbox 964 1761 1157 1827; x_wconf 84' lang='lat' dir='ltr'>fortitudine</span> <span class='ocrx_word' id='word_1_100' title='bbox 1260 1831 1261 1835; x_wconf 52' lang='lat'>,</span> 
     </span>
     <span class='ocr_line' id='line_1_16' title="bbox 150 1847 1193 1948; baseline 0.002 -35"><span class='ocrx_word' id='word_1_101' title='bbox 150 1850 282 1913; x_wconf 89' lang='lat' dir='ltr'>cunctas</span> <span class='ocrx_word' id='word_1_102' title='bbox 312 1847 471 1948; x_wconf 78' lang='lat' dir='ltr'>nationes.</span> <span class='ocrx_word' id='word_1_103' title='bbox 515 1869 592 1912; x_wconf 86' lang='lat' dir='ltr'>nem</span> <span class='ocrx_word' id='word_1_104' title='bbox 615 1851 904 1933; x_wconf 80' lang='lat' dir='ltr'>quotienscumque</span> <span class='ocrx_word' id='word_1_105' title='bbox 928 1871 1002 1914; x_wconf 90' lang='lat' dir='ltr'>cum</span> <span class='ocrx_word' id='word_1_106' title='bbox 1025 1871 1062 1914; x_wconf 88' lang='lat' dir='ltr'>eo</span> <span class='ocrx_word' id='word_1_107' title='bbox 1086 1871 1159 1915; x_wconf 92' lang='lat' dir='ltr'>con·</span> <span class='ocrx_word' id='word_1_108' title='bbox 1177 1867 1193 1916; x_wconf 79' lang='grc' dir='ltr'>ι</span> 
     </span>
     <span class='ocr_line' id='line_1_17' title="bbox 149 1933 1282 2021; baseline 0.004 -23"><span class='ocrx_word' id='word_1_109' title='bbox 149 1956 282 2021; x_wconf 85' lang='lat' dir='ltr'>gressus</span> <span class='ocrx_word' id='word_1_110' title='bbox 305 1939 414 2000; x_wconf 86' lang='lat' dir='ltr'>estrn</span> <span class='ocrx_word' id='word_1_111' title='bbox 379 1933 543 2019; x_wconf 89' lang='lat' dir='ltr'>inItalia,</span> <span class='ocrx_word' id='word_1_112' title='bbox 567 1956 693 2020; x_wconf 89' lang='lat' dir='ltr'>semper</span> <span class='ocrx_word' id='word_1_113' title='bbox 711 1937 861 2001; x_wconf 87' lang='lat' dir='ltr'>discessit</span> <span class='ocrx_word' id='word_1_114' title='bbox 879 1937 1035 2019; x_wconf 82' lang='lat' dir='ltr'>superior.</span> <span class='ocrx_word' id='word_1_115' title='bbox 1073 1937 1158 2020; x_wconf 89' lang='lat' dir='ltr'>quod</span> <span class='ocrx_word' id='word_1_116' title='bbox 1279 1995 1282 2002; x_wconf 92' lang='lat'>.</span> 
     </span>
     <span class='ocr_line' id='line_1_18' title="bbox 149 2022 1159 2108; baseline 0 -20"><span class='ocrx_word' id='word_1_117' title='bbox 149 2023 213 2088; x_wconf 89' lang='lat' dir='ltr'>nisi</span> <span class='ocrx_word' id='word_1_118' title='bbox 246 2023 333 2088; x_wconf 89' lang='lat' dir='ltr'>domi</span> <span class='ocrx_word' id='word_1_119' title='bbox 366 2022 485 2088; x_wconf 80' lang='lat' dir='ltr'>civium</span> <span class='ocrx_word' id='word_1_120' title='bbox 518 2044 651 2087; x_wconf 90' lang='lat' dir='ltr'>suorum</span> <span class='ocrx_word' id='word_1_121' title='bbox 686 2023 807 2088; x_wconf 82' lang='lat' dir='ltr'>invidia</span> <span class='ocrx_word' id='word_1_122' title='bbox 839 2023 1029 2088; x_wconf 85' lang='lat' dir='ltr'>debilitatus</span> <span class='ocrx_word' id='word_1_123' title='bbox 1063 2029 1159 2108; x_wconf 86' lang='lat' dir='ltr'>esset,</span> 
     </span>
     <span class='ocr_line' id='line_1_19' title="bbox 150 2110 1159 2228; baseline 0 -52"><span class='ocrx_word' id='word_1_124' title='bbox 150 2111 315 2176; x_wconf 90' lang='lat' dir='ltr'>Romanos</span> <span class='ocrx_word' id='word_1_125' title='bbox 347 2110 436 2176; x_wconf 84' lang='lat' dir='ltr'>videt</span> <span class='ocrx_word' id='word_1_126' title='bbox 421 2114 476 2176; x_wconf 84' lang='lat' dir='ltr'>tur</span> <span class='ocrx_word' id='word_1_127' title='bbox 507 2131 661 2212; x_wconf 81' lang='lat' dir='ltr'>superare</span> <span class='ocrx_word' id='word_1_128' title='bbox 691 2133 733 2195; x_wconf 94' lang='lat' dir='ltr'>po</span> <span class='ocrx_word' id='word_1_129' title='bbox 736 2112 846 2176; x_wconf 90' lang='lat' dir='ltr'>tuisse.</span> <span class='ocrx_word' id='word_1_130' title='bbox 892 2110 948 2175; x_wconf 90' lang='lat' dir='ltr'>sed</span> <span class='ocrx_word' id='word_1_131' title='bbox 981 2111 1065 2176; x_wconf 88' lang='lat' dir='ltr'>mult</span> <span class='ocrx_word' id='word_1_132' title='bbox 1050 2115 1159 2228; x_wconf 82' lang='lat' dir='ltr'>torum</span> 
     </span>
     <span class='ocr_line' id='line_1_20' title="bbox 151 2199 797 2264; baseline -0.002 0"><span class='ocrx_word' id='word_1_133' title='bbox 151 2199 348 2264; x_wconf 86' lang='lat' dir='ltr'>obtrectatio</span> <span class='ocrx_word' id='word_1_134' title='bbox 371 2199 490 2264; x_wconf 81' lang='lat' dir='ltr'>devicit</span> <span class='ocrx_word' id='word_1_135' title='bbox 475 2199 608 2264; x_wconf 84' lang='lat' dir='ltr'>tonius</span> <span class='ocrx_word' id='word_1_136' title='bbox 631 2199 797 2264; x_wconf 81' lang='lat' dir='ltr'>virtutem.</span> 
     </span>
    </p>

    <p class='ocr_par' dir='ltr' id='par_1_5' title="bbox 69 2285 1250 3604">
     <span class='ocr_line' id='line_1_21' title="bbox 237 2285 1193 2371; baseline 0.002 -19"><span class='ocrx_word' id='word_1_137' title='bbox 237 2285 301 2352; x_wconf 89' lang='lat' dir='ltr'>Hic</span> <span class='ocrx_word' id='word_1_138' title='bbox 319 2291 429 2352; x_wconf 89' lang='lat' dir='ltr'>autem</span> <span class='ocrx_word' id='word_1_139' title='bbox 448 2287 537 2352; x_wconf 85' lang='lat' dir='ltr'>velut</span> <span class='ocrx_word' id='word_1_140' title='bbox 554 2288 717 2352; x_wconf 88' lang='lat' dir='ltr'>hereditat</span> <span class='ocrx_word' id='word_1_141' title='bbox 667 2291 736 2352; x_wconf 88' lang='lat' dir='ltr'>tat&#39;e</span> <span class='ocrx_word' id='word_1_142' title='bbox 755 2287 905 2351; x_wconf 90' lang='lat' dir='ltr'>relictum</span> <span class='ocrx_word' id='word_1_143' title='bbox 923 2286 1034 2352; x_wconf 91' lang='lat' dir='ltr'>odium</span> <span class='ocrx_word' id='word_1_144' title='bbox 1052 2290 1158 2371; x_wconf 88' lang='lat' dir='ltr'>pater·</span> <span class='ocrx_word' id='word_1_145' title='bbox 1177 2306 1193 2354; x_wconf 85' lang='lat' dir='ltr'>a</span> 
     </span>
     <span class='ocr_line' id='line_1_22' title="bbox 149 2374 1250 2462; baseline -0.002 -22"><span class='ocrx_word' id='word_1_146' title='bbox 149 2399 227 2441; x_wconf 90' lang='lat' dir='ltr'>num</span> <span class='ocrx_word' id='word_1_147' title='bbox 250 2395 329 2462; x_wconf 85' lang='lat' dir='ltr'>erga</span> <span class='ocrx_word' id='word_1_148' title='bbox 347 2374 513 2440; x_wconf 90' lang='lat' dir='ltr'>Romanos</span> <span class='ocrx_word' id='word_1_149' title='bbox 535 2375 582 2439; x_wconf 90' lang='lat' dir='ltr'>sio</span> <span class='ocrx_word' id='word_1_150' title='bbox 606 2375 819 2458; x_wconf 86' lang='lat' dir='ltr'>conservavit,</span> <span class='ocrx_word' id='word_1_151' title='bbox 841 2379 879 2438; x_wconf 92' lang='lat' dir='ltr'>ut</span> <span class='ocrx_word' id='word_1_152' title='bbox 901 2375 992 2458; x_wconf 88' lang='lat' dir='ltr'>prius</span> <span class='ocrx_word' id='word_1_153' title='bbox 1016 2374 1159 2440; x_wconf 80' lang='lat' dir='ltr'>animam</span> <span class='ocrx_word' id='word_1_154' title='bbox 1244 2426 1250 2438; x_wconf 87' lang='lat'>.</span> 
     </span>
     <span class='ocr_line' id='line_1_23' title="bbox 150 2463 1158 2548; baseline 0 -20"><span class='ocrx_word' id='word_1_155' title='bbox 150 2486 248 2548; x_wconf 89' lang='lat' dir='ltr'>quam</span> <span class='ocrx_word' id='word_1_156' title='bbox 270 2464 304 2528; x_wconf 89' lang='lat' dir='ltr'>id</span> <span class='ocrx_word' id='word_1_157' title='bbox 326 2464 527 2548; x_wconf 85' lang='lat' dir='ltr'>deposuerit,</span> <span class='ocrx_word' id='word_1_158' title='bbox 556 2463 779 2547; x_wconf 89' lang='lat' dir='ltr'>quiquidem,</span> <span class='ocrx_word' id='word_1_159' title='bbox 807 2485 880 2529; x_wconf 90' lang='lat' dir='ltr'>cum</span> <span class='ocrx_word' id='word_1_160' title='bbox 910 2463 1018 2548; x_wconf 86' lang='lat' dir='ltr'>patria</span> <span class='ocrx_word' id='word_1_161' title='bbox 1044 2463 1158 2547; x_wconf 84' lang='lat' dir='ltr'>pulsus</span> 
     </span>
     <span class='ocr_line' id='line_1_24' title="bbox 150 2551 1159 2636; baseline -0.001 -20"><span class='ocrx_word' id='word_1_162' title='bbox 150 2556 237 2616; x_wconf 89' lang='lat' dir='ltr'>esset</span> <span class='ocrx_word' id='word_1_163' title='bbox 264 2555 298 2615; x_wconf 91' lang='lat' dir='ltr'>et</span> <span class='ocrx_word' id='word_1_164' title='bbox 325 2551 504 2615; x_wconf 83' lang='lat' dir='ltr'>alienarum</span> <span class='ocrx_word' id='word_1_165' title='bbox 527 2572 626 2634; x_wconf 90' lang='lat' dir='ltr'>opum</span> <span class='ocrx_word' id='word_1_166' title='bbox 653 2552 827 2636; x_wconf 83' lang='lat' dir='ltr'>indigeret,</span> <span class='ocrx_word' id='word_1_167' title='bbox 856 2572 1035 2635; x_wconf 88' lang='lat' dir='ltr'>numquam</span> <span class='ocrx_word' id='word_1_168' title='bbox 1063 2551 1159 2616; x_wconf 90' lang='lat' dir='ltr'>desti·</span> 
     </span>
     <span class='ocr_line' id='line_1_25' title="bbox 150 2637 1199 2705; baseline 0.003 -3"><span class='ocrx_word' id='word_1_169' title='bbox 150 2639 228 2702; x_wconf 89' lang='lat' dir='ltr'>terit</span> <span class='ocrx_word' id='word_1_170' title='bbox 256 2637 364 2701; x_wconf 88' lang='lat' dir='ltr'>animo</span> <span class='ocrx_word' id='word_1_171' title='bbox 391 2637 512 2700; x_wconf 88' lang='lat' dir='ltr'>bellare</span> <span class='ocrx_word' id='word_1_172' title='bbox 536 2659 610 2702; x_wconf 88' lang='lat' dir='ltr'>oum</span> <span class='ocrx_word' id='word_1_173' title='bbox 632 2637 798 2702; x_wconf 83' lang='lat' dir='ltr'>Romanis.</span> <span class='ocrx_word' id='word_1_174' title='bbox 842 2659 919 2703; x_wconf 90' lang='lat' dir='ltr'>nam</span> <span class='ocrx_word' id='word_1_175' title='bbox 947 2643 984 2702; x_wconf 90' lang='lat' dir='ltr'>ut</span> <span class='ocrx_word' id='word_1_176' title='bbox 1007 2639 1199 2705; x_wconf 82' lang='lat' dir='ltr'>omittem2</span> 
     </span>
     <span class='ocr_line' id='line_1_26' title="bbox 149 2724 1159 2811; baseline 0.001 -21"><span class='ocrx_word' id='word_1_177' title='bbox 149 2725 352 2809; x_wconf 85' lang='lat' dir='ltr'>Philippum,</span> <span class='ocrx_word' id='word_1_178' title='bbox 384 2744 481 2808; x_wconf 90' lang='lat' dir='ltr'>quem</span> <span class='ocrx_word' id='word_1_179' title='bbox 513 2724 629 2788; x_wconf 77' lang='lat' dir='ltr'>absens</span> <span class='ocrx_word' id='word_1_180' title='bbox 661 2725 791 2790; x_wconf 87' lang='lat' dir='ltr'>hostem</span> <span class='ocrx_word' id='word_1_181' title='bbox 822 2725 963 2789; x_wconf 86' lang='lat' dir='ltr'>reddidit</span> <span class='ocrx_word' id='word_1_182' title='bbox 992 2724 1159 2811; x_wconf 87' lang='lat' dir='ltr'>Romanis,</span> 
     </span>
     <span class='ocr_line' id='line_1_27' title="bbox 69 2811 1158 2896; baseline 0.001 -18"><span class='ocrx_word' id='word_1_183' title='bbox 69 2891 71 2894; x_wconf 17' lang='lat'>¹</span> <span class='ocrx_word' id='word_1_184' title='bbox 150 2813 296 2879; x_wconf 91' lang='lat' dir='ltr'>omnium</span> <span class='ocrx_word' id='word_1_185' title='bbox 323 2812 363 2877; x_wconf 91' lang='grc' dir='ltr'>ιιι</span> <span class='ocrx_word' id='word_1_186' title='bbox 391 2811 594 2896; x_wconf 87' lang='lat' dir='ltr'>temporibus</span> <span class='ocrx_word' id='word_1_187' title='bbox 623 2811 872 2896; x_wconf 87' lang='lat' dir='ltr'>potentissimus</span> <span class='ocrx_word' id='word_1_188' title='bbox 895 2833 952 2877; x_wconf 86' lang='lat' dir='ltr'>rex</span> <span class='ocrx_word' id='word_1_189' title='bbox 975 2811 1158 2879; x_wconf 89' lang='lat' dir='ltr'>Antiochus</span> 
     </span>
     <span class='ocr_line' id='line_1_28' title="bbox 149 2900 1159 2985; baseline 0.001 -18"><span class='ocrx_word' id='word_1_190' title='bbox 149 2903 222 2967; x_wconf 88' lang='lat' dir='ltr'>fuit.</span> <span class='ocrx_word' id='word_1_191' title='bbox 255 2901 342 2966; x_wconf 90' lang='lat' dir='ltr'>hunc</span> <span class='ocrx_word' id='word_1_192' title='bbox 361 2904 455 2965; x_wconf 90' lang='lat' dir='ltr'>tenta</span> <span class='ocrx_word' id='word_1_193' title='bbox 473 2900 651 2984; x_wconf 85' lang='lat' dir='ltr'>cupiditate</span> <span class='ocrx_word' id='word_1_194' title='bbox 669 2900 813 2966; x_wconf 89' lang='lat' dir='ltr'>incendit</span> <span class='ocrx_word' id='word_1_195' title='bbox 831 2900 983 2985; x_wconf 91' lang='lat' dir='ltr'>bellandi,</span> <span class='ocrx_word' id='word_1_196' title='bbox 1000 2904 1038 2965; x_wconf 93' lang='lat' dir='ltr'>ut</span> <span class='ocrx_word' id='word_1_197' title='bbox 1056 2921 1159 2984; x_wconf 80' lang='lat' dir='ltr'>usque</span> 
     </span>
     <span class='ocr_line' id='line_1_29' title="bbox 151 2987 1193 3057; baseline 0.003 -3"><span class='ocrx_word' id='word_1_198' title='bbox 151 3012 170 3054; x_wconf 89' lang='lat' dir='ltr'>a</span> <span class='ocrx_word' id='word_1_199' title='bbox 196 2992 295 3055; x_wconf 89' lang='lat' dir='ltr'>rubro</span> <span class='ocrx_word' id='word_1_200' title='bbox 323 2989 407 3055; x_wconf 90' lang='lat' dir='ltr'>mari</span> <span class='ocrx_word' id='word_1_201' title='bbox 434 3009 526 3054; x_wconf 88' lang='lat' dir='ltr'>arma</span> <span class='ocrx_word' id='word_1_202' title='bbox 553 2993 688 3054; x_wconf 88' lang='lat' dir='ltr'>conatus</span> <span class='ocrx_word' id='word_1_203' title='bbox 721 2989 765 3054; x_wconf 84' lang='lat' dir='ltr'>sit</span> <span class='ocrx_word' id='word_1_204' title='bbox 797 2988 915 3056; x_wconf 86' lang='lat' dir='ltr'>inferre</span> <span class='ocrx_word' id='word_1_205' title='bbox 947 2987 1073 3054; x_wconf 83' lang='lat' dir='ltr'>Italiae.</span> <span class='ocrx_word' id='word_1_206' title='bbox 1119 2991 1193 3057; x_wconf 80' lang='lat' dir='ltr'>ada</span> 
     </span>
     <span class='ocr_line' id='line_1_30' title="bbox 152 3076 1159 3164; baseline 0.004 -24"><span class='ocrx_word' id='word_1_207' title='bbox 152 3099 247 3160; x_wconf 91' lang='lat' dir='ltr'>quem</span> <span class='ocrx_word' id='word_1_208' title='bbox 271 3100 344 3144; x_wconf 89' lang='lat' dir='ltr'>cum</span> <span class='ocrx_word' id='word_1_209' title='bbox 366 3077 468 3164; x_wconf 82' lang='lat' dir='ltr'>legati</span> <span class='ocrx_word' id='word_1_210' title='bbox 491 3077 657 3142; x_wconf 85' lang='lat' dir='ltr'>venissent</span> <span class='ocrx_word' id='word_1_211' title='bbox 680 3076 833 3162; x_wconf 90' lang='lat' dir='ltr'>Romani,</span> <span class='ocrx_word' id='word_1_212' title='bbox 862 3078 918 3161; x_wconf 90' lang='lat' dir='ltr'>qui</span> <span class='ocrx_word' id='word_1_213' title='bbox 946 3078 984 3142; x_wconf 90' lang='lat' dir='ltr'>de</span> <span class='ocrx_word' id='word_1_214' title='bbox 1013 3077 1082 3143; x_wconf 88' lang='lat' dir='ltr'>eius</span> <span class='ocrx_word' id='word_1_215' title='bbox 1105 3101 1159 3144; x_wconf 90' lang='grc' dir='ltr'>ιο-</span> 
     </span>
     <span class='ocr_line' id='line_1_31' title="bbox 151 3165 1159 3250; baseline 0.007 -23"><span class='ocrx_word' id='word_1_216' title='bbox 151 3165 276 3230; x_wconf 88' lang='lat' dir='ltr'>luntate</span> <span class='ocrx_word' id='word_1_217' title='bbox 304 3167 510 3250; x_wconf 87' lang='lat' dir='ltr'>explorarent</span> <span class='ocrx_word' id='word_1_218' title='bbox 537 3166 714 3250; x_wconf 88' lang='lat' dir='ltr'>darentque</span> <span class='ocrx_word' id='word_1_219' title='bbox 742 3186 874 3250; x_wconf 89' lang='lat' dir='ltr'>operam</span> <span class='ocrx_word' id='word_1_220' title='bbox 902 3165 1046 3231; x_wconf 88' lang='lat' dir='ltr'>consiliis</span> <span class='ocrx_word' id='word_1_221' title='bbox 1075 3168 1159 3234; x_wconf 88' lang='lat' dir='ltr'>olan·</span> 
     </span>
     <span class='ocr_line' id='line_1_32' title="bbox 143 3252 1159 3340; baseline 0.005 -25"><span class='ocrx_word' id='word_1_222' title='bbox 143 3252 339 3317; x_wconf 85' lang='lat' dir='ltr'>destinis-ut</span> <span class='ocrx_word' id='word_1_223' title='bbox 352 3252 571 3319; x_wconf 88' lang='lat' dir='ltr'>Hannibalem</span> <span class='ocrx_word' id='word_1_224' title='bbox 588 3255 623 3318; x_wconf 90' lang='lat' dir='ltr'>in</span> <span class='ocrx_word' id='word_1_225' title='bbox 637 3253 855 3338; x_wconf 90' lang='lat' dir='ltr'>suspicionem</span> <span class='ocrx_word' id='word_1_226' title='bbox 869 3254 940 3340; x_wconf 80' lang='lat' dir='ltr'>regi</span> <span class='ocrx_word' id='word_1_227' title='bbox 954 3255 1159 3340; x_wconf 86' lang='lat' dir='ltr'>adducerent,</span> 
     </span>
     <span class='ocr_line' id='line_1_33' title="bbox 151 3341 1163 3426; baseline 0.002 -22"><span class='ocrx_word' id='word_1_228' title='bbox 151 3345 319 3424; x_wconf 88' lang='lat' dir='ltr'>tamquam</span> <span class='ocrx_word' id='word_1_229' title='bbox 342 3341 383 3404; x_wconf 86' lang='lat' dir='ltr'>ab</span> <span class='ocrx_word' id='word_1_230' title='bbox 406 3342 485 3426; x_wconf 89' lang='lat' dir='ltr'>ipsis</span> <span class='ocrx_word' id='word_1_231' title='bbox 507 3346 679 3426; x_wconf 87' lang='lat' dir='ltr'>corruptus</span> <span class='ocrx_word' id='word_1_232' title='bbox 698 3343 763 3408; x_wconf 86' lang='lat' dir='ltr'>alia</span> <span class='ocrx_word' id='word_1_233' title='bbox 781 3346 879 3426; x_wconf 88' lang='lat' dir='ltr'>atque</span> <span class='ocrx_word' id='word_1_234' title='bbox 898 3347 995 3407; x_wconf 89' lang='lat' dir='ltr'>antea</span> <span class='ocrx_word' id='word_1_235' title='bbox 1014 3343 1163 3425; x_wconf 82' lang='lat' dir='ltr'>sentiret,</span> 
     </span>
     <span class='ocr_line' id='line_1_34' title="bbox 149 3428 1159 3515; baseline -0.003 -21"><span class='ocrx_word' id='word_1_236' title='bbox 149 3449 254 3512; x_wconf 90' lang='lat' dir='ltr'>nequo</span> <span class='ocrx_word' id='word_1_237' title='bbox 276 3429 310 3493; x_wconf 95' lang='lat' dir='ltr'>id</span> <span class='ocrx_word' id='word_1_238' title='bbox 332 3428 455 3494; x_wconf 85' lang='lat' dir='ltr'>frustra</span> <span class='ocrx_word' id='word_1_239' title='bbox 477 3429 631 3496; x_wconf 81' lang='lat' dir='ltr'>fecissent</span> <span class='ocrx_word' id='word_1_240' title='bbox 649 3431 745 3514; x_wconf 89' lang='lat' dir='ltr'>idque</span> <span class='ocrx_word' id='word_1_241' title='bbox 762 3428 928 3496; x_wconf 89' lang='lat' dir='ltr'>Hanrn&#39;bal</span> <span class='ocrx_word' id='word_1_242' title='bbox 947 3429 1159 3515; x_wconf 86' lang='lat' dir='ltr'>comperisset</span> 
     </span>
     <span class='ocr_line' id='line_1_35' title="bbox 150 3517 1193 3604; baseline 0 -22"><span class='ocrx_word' id='word_1_243' title='bbox 150 3538 248 3601; x_wconf 88' lang='lat' dir='ltr'>seque</span> <span class='ocrx_word' id='word_1_244' title='bbox 272 3517 313 3582; x_wconf 92' lang='lat' dir='ltr'>ab</span> <span class='ocrx_word' id='word_1_245' title='bbox 338 3517 547 3583; x_wconf 88' lang='lat' dir='ltr'>interioribus</span> <span class='ocrx_word' id='word_1_246' title='bbox 567 3519 711 3584; x_wconf 85' lang='lat' dir='ltr'>consiliis</span> <span class='ocrx_word' id='word_1_247' title='bbox 731 3520 896 3604; x_wconf 83' lang='lat' dir='ltr'>segregari</span> <span class='ocrx_word' id='word_1_248' title='bbox 914 3517 1058 3597; x_wconf 78' lang='lat' dir='ltr'>vidisset,</span> <span class='ocrx_word' id='word_1_249' title='bbox 1079 3519 1193 3587; x_wconf 85' lang='lat' dir='ltr'>tem-e</span> 
     </span>
    </p>
   </div>
   <div class='ocr_carea' id='block_1_5' title="bbox 0 0 1306 3910">
    <p class='ocr_par' dir='ltr' id='par_1_6' title="bbox 0 0 1306 3910">
     <span class='ocr_line' id='line_1_36' title="bbox 0 0 1306 3910; baseline 0 0"><span class='ocrx_word' id='word_1_250' title='bbox 0 0 1306 3910; x_wconf 95' lang='lat' dir='ltr'> </span> 
     </span>
    </p>
   </div>
  </div>
 </body>
</html>
