2598 3906
475 274 548 329 XIV.
566 274 748 329 DATAMES.
773 281 849 330 6-8.
1122 279 1164 340 53

158 419 265 484 fuerat
283 420 474 505 cogitatum,
497 419 530 484 id
554 419 593 483 ad
618 420 757 484 salutem
776 421 945 486 convertit.
981 443 1044 505 quo
1062 444 1165 506 neque

159 507 284 572 acutius
316 508 416 572 ullius
448 507 655 591 imperatoris
686 507 867 593 cogitatum
898 530 1003 592 neque
1032 511 1165 576 celerius

158 596 280 661 factum
303 617 442 679 usquam
464 596 612 682 legimus.
1294 671 1295 684 χ

245 683 298 748 Ab
322 685 385 749 hoc
407 688 518 748 tamen
540 685 610 749 viro
635 682 773 769 Sisinas,
803 686 944 750 maximo
967 690 1048 751 natu
1071 687 1205 771 filius,‘l
1294 731 1295 752 1

158 773 274 838 desciit
302 773 342 837 ad
370 793 543 858 regemque
571 773 707 846 transiit¹
731 777 765 838 et
788 773 826 838 de
855 773 1034 840 defectione
1062 776 1167 859 patris

157 861 284 926 detulit.
331 881 395 943 quo
422 862 538 926 nuntio
561 860 758 926 Artaxerxes
782 866 977 947 commotus,
1008 863 1094 947 quod
1121 863 1167 927 in-

157 949 336 1035 tellegebat
365 949 427 1013 sibi
455 971 528 1014 oum
555 949 625 1013 viro
658 948 737 1014 forti
766 972 803 1015 ac
833 955 965 1015 strenuo
997 951 1167 1036 negotium

158 1060 238 1121 esse,
262 1037 318 1120 qui
342 1041 375 1101 et
396 1038 486 1120 prius
511 1038 654 1123 cogitare
679 1060 777 1121 quam
796 1040 905 1104 conari
925 1043 1113 1104 consuesset
1131 1043 1167 1123 et,

159 1147 233 1190 cum
248 1125 433 1210 cogitasset,
451 1125 557 1190 facere
577 1126 718 1209 auderet,
736 1126 1019 1210 Autophrodatem
1036 1129 1072 1192 in
1085 1125 1167 1210 Cap-

159 1213 328 1298 padociam
355 1214 469 1277 mittit.
514 1213 568 1277 hic
594 1235 635 1277 ne
658 1213 785 1279 ¹intrare
813 1220 939 1298 posset,
969 1216 1103 1298 saltum,
1132 1216 1202 1280 ina

100 1361 102 1364 .
160 1324 223 1386 quo
244 1301 376 1366 Ciliciae
399 1305 513 1385 portae
538 1305 614 1365 sunt
637 1301 728 1384 sitae,
751 1301 907 1366 Datames
931 1321 1167 1386 praeoccupare

159 1390 293 1454 studuit.
339 1389 395 1454 sed
422 1394 490 1453 tam
521 1389 630 1454 subito
659 1389 768 1472 copias
797 1389 987 1454 contrahere
1014 1412 1081 1455 non
1112 1407 1201 1474 poa

158 1480 232 1543 tuit.
278 1500 298 1543 a
326 1499 389 1562 qua
417 1500 451 1542 re
479 1478 632 1562 depulsus
661 1499 734 1542 oum
762 1500 800 1542 ea
827 1499 938 1562 manu,
969 1499 1067 1562 quam
1095 1499 1168 1542 con·

157 1571 316 1650 traxerat,
339 1567 448 1632 locum
471 1567 594 1652 delegit
617 1566 733 1650 talem,
756 1571 793 1631 ut
815 1588 919 1650 noque
943 1567 1168 1631 circumiretur

158 1657 199 1719 ab
226 1655 378 1720 hostibus
406 1677 509 1738 neque
539 1655 733 1738 praeteriret
760 1655 977 1740 aduersarius,
1010 1655 1089 1738 quin
1114 1677 1167 1720 an·

159 1743 422 1894 ttlllzllt
437 1744 772 1895 ttttttlllcl
783 1743 1167 1915 11111111111111111

247 1917 338 1982 Haec
365 1918 428 1982 etsi
450 1917 715 2000 Autophrodates
743 1919 888 2002 videbat,
914 1923 1026 1982 tamen
1054 1920 1206 1983 statim8

159 2007 272 2070 oculuit
293 2005 446 2090 congredi
470 2027 567 2088 quam
588 2027 664 2068 oum
687 2006 789 2069 tantis
813 2006 915 2088 copiis
938 2005 1086 2089 refugere
1110 2010 1167 2069 aut

159 2100 229 2159 tam
252 2094 307 2159 diu
329 2116 394 2158 uno
417 2094 489 2157 loco
513 2093 631 2157 sedere.
676 2093 820 2157 habebat
842 2092 1057 2157 barbarorum
1080 2093 1201 2176 equi-r

159 2189 231 2248 tum
249 2182 377 2268 viginti,
400 2181 546 2265 peditum
565 2184 695 2246 centum
718 2181 818 2266 milia,
841 2201 922 2263 quos
941 2179 992 2244 illi
1006 2179 1166 2246 Cardacas

159 2271 339 2356 appellant,
369 2269 576 2352 eiusdemque
604 2269 731 2355 generis
755 2269 820 2334 tria
843 2268 934 2334 milia
956 2268 1167 2354 funditorum,

158 2364 326 2444 praeterea
340 2358 569 2444 Cappadocum
589 2362 663 2423 octo
686 2358 786 2442 milia,
809 2357 1040 2422 Armeniorum
1057 2358 1167 2422 decem

158 2448 262 2534 milia,
289 2448 539 2533 Paphlagonum
563 2447 704 2531 quinque
732 2447 836 2532 milia,
863 2446 1033 2532 Phrygum
1056 2446 1167 2510 decem

158 2537 265 2620 milia,
287 2536 453 2619 Lydorum
476 2536 617 2619 quinque
640 2535 744 2620 milia,
766 2535 1006 2619 Aspendiorum
1030 2538 1064 2599 ct
1086 2534 1167 2598 Pisi·

158 2625 273 2688 darum
296 2624 425 2688 circiter
447 2623 512 2686 tria
534 2623 638 2706 milia,
662 2623 799 2688 Cilicum
822 2623 885 2687 duo
909 2623 1013 2706 milia,
1037 2621 1165 2706 Captia-

158 2733 275 2776 norum
302 2710 454 2795 totidem,
484 2731 523 2774 ex
551 2709 687 2774 Graecia
715 2711 947 2774 conductorum
974 2710 1040 2774 tria
1067 2711 1167 2794 milia,

158 2800 239 2864 levis
271 2801 455 2864 armaturae
487 2797 665 2862 maximum
696 2819 874 2862 numerum.
919 2797 979 2861 has
1012 2797 1200 2862 adversust

159 2889 268 2972 copias
297 2909 371 2972 spes
397 2887 504 2951 omnis
533 2885 734 2951 consistebat
757 2883 891 2949 Datami
918 2885 1010 2962 inse
1040 2884 1167 2968 locique

157 2982 274 3041 natura
294 2975 446 3062 (namque
469 2975 565 3040 huius
588 2977 716 3058 partem
734 2995 800 3039 non
817 2973 961 3038 habebat
979 2972 1167 3038 vicesimam

158 3063 324 3150 militum).
375 3065 492 3148 quibus
525 3063 629 3128 fretus
663 3062 809 3128 conflixit
845 3061 1166 3146 adversariorumque

158 3152 262 3216 multa
284 3153 375 3216 milia
398 3152 548 3235 concidit,
571 3173 645 3216 cum
668 3151 707 3216 de
730 3150 832 3235 ipsius
856 3151 1000 3216 exercitu
1017 3172 1084 3216 non
1102 3173 1167 3215 am-

157 3239 242 3324 plius
274 3239 443 3305 hominum
475 3240 564 3304 mille
597 3239 775 3304 cecidisset.
828 3260 926 3322 quam
959 3240 1000 3304 ob
1035 3260 1166 3304 causam

156 3331 289 3410 postero
313 3329 363 3392 die
387 3333 558 3412 tropaeum
580 3327 700 3412 posuit,
724 3349 788 3411 quo
811 3327 883 3392 loco
911 3327 1015 3411 pridie
1044 3338 1166 3411 pugna·
1198 3352 1201 3356 ·

156 3421 228 3480 tum
255 3421 334 3481 erat.
378 3417 454 3481 hinc
483 3438 556 3481 cum
584 3419 692 3480 castra
719 3415 876 3480 movisset
902 3434 1093 3497 semperque
1120 3412 1200 3473 inl

154 3503 256 3569 ferior
270 3505 372 3589 copiis
387 3504 534 3587 superior
553 3504 703 3567 omnibus
722 3503 855 3587 proeliis
874 3503 1062 3580 discederet,
1081 3497 1166 3578 quod

154 3615 333 3678 numquam
366 3613 498 3656 manum
530 3594 727 3672 consereret,
758 3591 823 3654 nisi
855 3611 930 3654 cum
963 3583 1165 3650 adversarios
