2596 3910
8 247 10 252 ,
131 211 196 276 104
380 191 528 267 ιιι.
547 209 708 267 srmone.
737 216 814 266 ι-ι.

130 359 241 420 autem
263 355 369 421 Attici
392 356 483 440 quies
506 359 600 420 tanto
624 369 720 440 opere
742 355 806 420 fuit
827 338 938 440 grata,
960 360 1000 420 ut
1020 356 1139 442 victor,
1166 399 1169 404 -

130 465 204 509 cum
230 444 368 528 privatis
395 444 548 528 pecunias
575 465 633 527 per
659 444 816 528 epistulas
844 444 1032 528 imperaret,
1058 442 1139 511 huic

129 552 196 597 non
225 533 331 598 solum
363 533 520 598 molestus
551 553 617 597 non
648 531 771 615 fuerit,¹
793 531 849 596 red
881 531 981 597 etiam
1012 534 1137 599 sororis

71 619 88 656 ‘s
129 618 234 685 filium
257 624 291 684 et
309 618 550 696 merestonam
572 641 612 684 ex
631 619 767 703 Pompei
790 619 907 684 castris
931 621 1137 685 concesserit.
1264 647 1269 656 ·

131 708 178 772 sic
201 712 310 774 vetere
333 708 486 774 instituto
509 708 595 772 vitae
618 707 732 792 cffugit
753 729 839 772 nova
859 708 1012 792 pericula

94 798 115 862 8
220 794 375 862 Secutum
402 800 452 862 est
480 796 569 860 illud
614 795 721 860 occiso
744 793 882 862 Caesare
905 817 979 860 cum
1002 817 1054 861 res
1078 819 1138 880 pu-

129 884 216 950 blica
237 906 336 969 penes
354 883 475 950 Brutos
497 883 661 948 videretur
683 905 754 948 esse
778 888 811 948 et
830 882 979 948 Cassium
1002 905 1039 949 ac
1062 887 1136 949 tota

94 971 245 1036 rcivicas
269 994 303 1038 sc
327 973 368 1037 ad
390 993 445 1037 eos
469 971 691 1056 convertisset,
715 972 761 1036 sic
784 970 827 1036 M.
845 970 950 1038 Bruto
973 993 1051 1036 usus
1075 976 1136 1057 est,

129 1063 167 1124 ut
188 1060 278 1124 nullo
301 1060 356 1124 illc
379 1060 567 1125 adulescens
590 1059 718 1148 aequali
734 1059 933 1132 ‘familiarius
957 1081 1055 1143 quam
1072 1059 1137 1126 hoc

130 1168 220 1232 sene,
249 1169 353 1232 neque
382 1149 488 1213 solum
518 1170 592 1213 eum
620 1147 799 1232 principem
831 1147 959 1213 consilii
990 1147 1136 1232 haberet,

95 1253 111 1300 ³
130 1235 187 1300 sed
210 1236 310 1300 etiam
332 1237 367 1301 in
390 1237 548 1302 convictu
585 1237 806 1322 excogitatum
825 1239 876 1300 est
861 1239 878 1300 t·
894 1244 913 1299 a?
932 1235 1135 1336 quibusdam,

24 1376 28 1382 .
129 1327 167 1388 nt
184 1325 350 1409 privatum
368 1325 528 1390 aerarium
543 1322 690 1390 Caesaris
708 1323 973 1388 interfectoribus
992 1323 1033 1388 ab
1048 1324 1135 1407 cqui-

130 1411 219 1477 tibus
247 1411 403 1478 Romanis
431 1413 692 1478 constitueretur.
737 1413 771 1476 id
799 1411 894 1476 facile
924 1410 1010 1476 effici
1038 1433 1134 1494 posse

130 1499 282 1564 arbitrati
255 1503 390 1584 tsunt,
413 1501 442 1564 si
464 1501 626 1584 principes
649 1500 718 1565 eius
743 1499 865 1565 ordinis
887 1499 1039 1584 pecuniae
1061 1520 1134 1563 con-

129 1588 292 1652 tulissent.
337 1550 447 1671 ita'que
480 1588 661 1672 appellatus
694 1591 745 1652 est
773 1609 792 1651 a
819 1586 854 1653 C.
882 1586 1009 1670 Flavio,
1037 1585 1134 1651 Bruti

92 1674 293 1759 tfamiliari,
316 1673 460 1758 Atticus,
481 1679 519 1738 ut
542 1675 610 1738 eius
634 1675 682 1739 rei
699 1674 850 1775 princeps
869 1697 939 1740 esse
956 1637 1064 1740 vellet.
1100 1679 1135 1738 at

87 1759 107 1799 s
128 1761 193 1846 ille,
217 1762 273 1845 qui
296 1761 404 1828 officia
427 1762 539 1828 amicis
561 1765 673 1846 praest
658 1763 804 1827 tanda
778 1784 847 1827 erne
865 1762 1007 1828 factione
1027 1763 1134 1826 existi·

129 1853 234 1914 maret
266 1871 455 1934 semperque
486 1872 506 1915 a
533 1851 659 1915 talibus
691 1872 726 1916 se
759 1851 902 1916 consiliis
934 1851 1135 1934 removisset,

129 1938 361 2023 respondit:
336 1960 364 2002 er
387 1938 464 2022 quid
482 1937 566 2003 Brut
551 1942 604 2004 tus
627 1939 666 2004 de
689 1939 757 2004 suis
779 1939 991 2004 facultatibus
1013 1939 1064 2003 uti
1081 1960 1135 2003 vo·

128 2026 258 2112 luisset,
288 2047 436 2110 usurum,
463 2031 626 2110 'quantum
654 2049 709 2092 eae
736 2031 939 2111 paterentur,
969 2048 1003 2092 se
1030 2047 1134 2110 neque

130 2137 204 2180 cum
227 2136 390 2199 quoquam
409 2115 447 2179 de
466 2137 504 2179 ea
522 2137 557 2178 re
576 2115 813 2180 collocuturum
835 2137 939 2199 neque
963 2115 1134 2180 coiturum.

129 2203 177 2268 sic
203 2201 259 2267 illc
288 2203 508 2268 consensionis
536 2203 653 2288 globus
685 2204 782 2268 huius
810 2203 905 2268 unius
935 2203 1134 2268 dissensione

93 2306 109 2354 o
129 2290 285 2356 disiectus
309 2294 368 2355 est.
410 2312 514 2374 neque
538 2291 641 2356 multo
664 2296 741 2375 post
763 2291 911 2375 superior
933 2311 1003 2356 osse
1026 2290 1134 2372 coepit

128 2379 305 2462 Antonius,
332 2378 380 2442 ita
406 2382 445 2442 ut
466 2377 589 2442 Brutus
613 2382 647 2443 et
669 2377 801 2444 Cassius
824 2380 939 2444 οιιιιιεα
959 2398 1035 2444 cura
1060 2399 1133 2461 pro-

128 2465 316 2548 vinciarum,
339 2485 420 2548 quae
442 2465 484 2529 iis
507 2466 587 2529 dicis
611 2488 708 2530 causa
731 2467 787 2531 dat
773 2471 825 2531 tae
844 2471 947 2532 erant
955 2489 975 2532 a
992 2466 1133 2548 consule,

92 2570 109 2618 o
129 2553 308 2636 desperat1s
331 2552 461 2617 rebus
451 2574 486 2618 m
509 2553 654 2619 exilium
663 2555 954 2639 proficiscerentur.
993 2553 1133 2638 Atticus,

128 2639 185 2725 qui
215 2641 386 2724 pecuniam
419 2641 516 2706 simul
549 2664 622 2707 curn
654 2643 770 2708 ceteris
803 2643 949 2708 conferre
984 2642 1134 2707 noluerat
1198 2716 1205 2726 ,
1284 2631 1294 2715 ,³

127 2729 258 2794 florenti
280 2729 329 2793 illi
351 2730 448 2814 parti,
412 2731 603 2795 tabiecto
627 2729 730 2795 Bruto
696 2730 915 2814 tItaliaquc
938 2730 1064 2796 cedenti
1087 2751 1134 2794 se-

128 2809 281 2883 stertium
304 2821 435 2883 centurn
458 2818 548 2883 milia
571 2820 696 2883 muneri
719 2818 818 2883 misit.
852 2818 1014 2883 eidemin
1031 2816 1133 2901 Epiro

128 2906 246 2971 absens
273 2909 419 2991 trecenta
445 2905 542 2971 iussit
569 2906 653 2990 dari,
680 2928 784 2990 neque
808 2928 845 2972 eo
873 2906 978 2992 magis
1005 2905 1134 2990 potenti
1160 2953 1162 2959 .
1241 2961 1243 2966 .

128 2994 240 3058 adulat
225 2997 279 3058 tus
302 2998 354 3059 cst
376 2993 521 3059 Antonio
544 3015 648 3078 neque
671 2995 859 3078 desperatos
882 2993 1023 3078 reliquit.

92 3080 112 3143 9
217 3079 371 3147 Secutum
394 3086 445 3146 est
467 3082 588 3146 bellum
617 3086 747 3167 gestum
775 3083 861 3166 apud
882 3081 1053 3146 Mutinam
1099 3081 1135 3144 in

128 3188 192 3252 quo
216 3168 398 3233 sitantum
430 3191 504 3234 eum
530 3170 723 3254 prudentem
751 3170 869 3254 dicam,
896 3169 1003 3235 minus
1036 3189 1134 3252 quam

127 3255 263 3320 debeam
284 3256 480 3340 praedicem,
512 3278 586 3323 cum
608 3257 663 3322 ille
686 3257 797 3342 potius
820 3257 947 3322 divinus
970 3257 1083 3339 fuerit,
1106 3256 1134 3320 si

127 3342 284 3408 divinatio
313 3343 505 3426 appellanda
532 3349 583 3408 est
613 3348 771 3428 perpetua
801 3345 962 3409 naturalis
995 3344 1135 3427 bonitas,

93 3445 210 3512 aquae
236 3429 335 3494 nullis
364 3429 492 3494 casibus
516 3431 662 3514 agitatur
683 3450 787 3513 neque
817 3431 983 3496 minuitur.
1028 3431 1133 3496 hostis

75 3515 93 3554 s
126 3517 291 3582 Antonius
322 3515 483 3581 iudicatus
516 3516 615 3582 Italia
647 3522 801 3583 cesserat:
835 3539 909 3601 spes
941 3519 1133 3584 restituendi
