2596 3910
153 243 195 306 94
444 239 543 296 xxm
562 239 759 296 HANNIBAL.
788 247 883 296 8-10.

152 389 188 452 in
204 385 399 486 Pempbylio
423 386 507 449 mari
530 385 683 474 conflixit.
719 387 835 470 inquo
855 407 928 450 cum
950 385 1164 452 multitudine

154 476 414 540 adversariorum
437 473 488 538 sui
515 476 758 558 superarentur,
787 473 857 557 ipse
880 493 943 556 quo
967 495 1068 539 cornu
1091 496 1163 539 rem
1289 493 1290 498 ’

154 564 258 649 gessit
279 562 343 626 fuit
365 562 520 646 superior.

120 651 140 712 9
243 650 408 716 Antiocho
431 649 545 735 fugato
568 669 680 713 verens
703 668 745 713 ne
768 649 951 734 dederetur,
981 651 1068 732 quod
1091 651 1163 716 sine

156 740 254 805 dubio
282 739 465 821 accidisset,
495 737 523 801 si
550 735 600 800 sui
627 735 760 801 fecisset
785 740 999 823 potestatem,
1028 736 1164 805 Cretam

156 829 197 893 ad
219 826 396 910 Gortynios
419 825 516 908 venit,
538 827 576 887 ut
597 823 654 907 ibi,
678 844 742 907 quo
766 833 800 889 se
814 825 994 910 coniuret,
1018 827 1162 892 conside

120 931 136 978 a
155 919 252 980 reret.
281 915 362 978 vidit
381 916 490 977 autem
507 911 557 975 vir
575 911 721 977 omnium
740 913 969 979 callidissimus
987 915 1023 980 in
1040 936 1162 1002 magno

155 1026 189 1067 se
211 1003 281 1065 fore
307 999 465 1084 periculo,
493 999 557 1063 nisi
586 999 664 1082 quid
690 1001 900 1086 providisset,
926 1007 1062 1087 propter
1089 1025 1163 1069 ava-

154 1089 264 1154 ritiam
292 1085 509 1153 Cretensium:
545 1108 699 1174 magnam
731 1089 817 1154 enim
848 1111 959 1156 secum
990 1093 1162 1175 pecuniam

119 1177 316 1262 sportabat,
339 1176 378 1240 de
402 1197 466 1259 qua
489 1175 613 1241 sciebat
636 1177 740 1242 exisse
763 1177 892 1243 famam.
938 1179 1049 1263 itaque
1073 1181 1163 1265 capit

153 1267 220 1331 tale
238 1264 417 1331 consilium.
452 1264 626 1348 amphoras
646 1266 828 1351 complures
852 1267 994 1351 complet
1015 1269 1162 1355 plumbo,

154 1375 297 1419 summas
329 1353 436 1436 operit
468 1375 546 1418 auro
579 1357 622 1421 et.
645 1359 789 1440 argento.
840 1355 900 1420 has
932 1357 1161 1439 praesentibus

153 1441 353 1528 principibus
386 1441 519 1525 deponit
550 1441 585 1506 in
615 1443 739 1528 templo
766 1442 904 1528 Dianae,
936 1443 1093 1510 simulans
1127 1468 1162 1512 se

155 1553 229 1596 suas
255 1529 403 1594 fortunas
432 1531 564 1595 illorum
590 1530 665 1595 fidei
693 1532 829 1596 credere.
874 1531 926 1595 his
955 1532 990 1596 in
1018 1555 1162 1599 errorem
1223 1537 1232 1554 ⁸

154 1618 294 1684 inductis
317 1621 445 1684 statuas
469 1623 596 1701 aeneae,
626 1639 706 1700 quas
736 1639 845 1682 secum
871 1620 1042 1706 portabat,
1072 1623 1162 1688 omni

154 1729 213 1771 sua
233 1706 372 1789 pecunia
395 1707 536 1790 complet
558 1726 676 1788 easque
694 1705 729 1769 in
748 1707 923 1790 propatulo
943 1708 1033 1774 domi
1051 1711 1162 1776 abicit.

119 1793 307 1877 sGortynii
329 1794 489 1878 templum
516 1813 635 1878 magna
663 1815 740 1859 cura
767 1795 968 1879 custodiunt,
997 1819 1065 1863 non
1092 1803 1163 1864 tam

154 1905 175 1948 e
196 1882 313 1948 ceteris
337 1903 435 1967 quam
460 1882 500 1946 ab
523 1880 718 1968 Hannibale,
740 1904 781 1947 ne
804 1883 860 1948 ille
882 1883 1097 1952 inscientibus
1121 1888 1162 1952 iis

154 1972 287 2038 tolleret
309 1992 368 2038 aaa
389 1992 560 2054 secumque
584 1971 723 2036 duceret.

115 2059 155 2124 10
247 2059 301 2126 Sic
320 2059 517 2126 conservatis
537 2059 604 2124 suis
622 2060 719 2124 rebus
739 2060 888 2125 omnibus
907 2059 1035 2126 Poenus
1053 2063 1162 2129 illusis

156 2149 365 2217 Cretensibus
393 2149 434 2212 ad
460 2146 609 2212 Prusiam
640 2147 675 2211 in
701 2147 844 2212 Pontum
875 2149 1029 2232 pervenit.
1075 2152 1163 2234 apud

157 2261 253 2324 quem
271 2241 384 2303 eodem
402 2236 510 2300 animo
528 2235 593 2300 fuit
611 2255 690 2321 erga
703 2234 836 2300 Italiam
848 2258 952 2320 neque
968 2237 1056 2302 aliud
1074 2239 1162 2322 quic·

121 2327 350 2480 altbbilanbbil
378 2324 1162 2480 (iibidncdirigblilleibllddliieesiidixsadullrdsdirlirldd

156 2523 226 2567 esse
250 2435 435 2584 robustiim,
462 2499 658 2565 conciliabat
680 2503 805 2565 ceteros
828 2521 863 2564 re
887 2435 1163 2588 es,padiungebat

156 2589 327 2656 bellicosas
350 2589 507 2654 nationes.
546 2587 724 2652 dissidebat
747 2589 788 2653 ab
805 2609 843 2653 eo
862 2520 1081 2674 {argamanus
1104 2612 1163 2655 rex

118 2709 121 2716 ·
156 2677 331 2762 Eumenes,
354 2676 510 2743 Romanis
534 2676 766 2762 amicissimus,
788 2676 973 2761 bellumque
997 2679 1162 2744 intereos

122 2767 330 2855 egerebatur
357 2769 391 2831 et
418 2765 500 2830 mari
528 2769 561 2830 et
587 2769 689 2850 terra,
720 2765 777 2830 sed
803 2765 976 2849 utrobique
999 2765 1162 2832 Eumenes

157 2853 230 2942 plus
262 2854 391 2920 valebat
425 2857 560 2938 propter
590 2852 813 2918 Romanorum
845 2854 1044 2919 societatem.
1097 2876 1162 2938 quo

158 2945 263 3031 magis
282 2943 437 3028 cupiebat,
451 2963 524 3006 eum
542 2939 707 3006 Hannibal
726 2942 876 3026 opprimi,
899 2964 995 3026 quem
1014 2943 1042 3007 si
1059 2963 1163 3006 remo-

158 3033 268 3118 visset,
290 3030 437 3098 faciliora
460 3029 523 3094 sibi
542 3033 650 3095 cetera
667 3029 737 3094 fore
757 3029 987 3094 arbitrabatur.
1017 3029 1163 3096 adhunc
1293 3039 1294 3044 ’

123 3119 418 3186 iinterfioiundum
449 3118 550 3183 talem
580 3117 656 3182 iniit
688 3116 856 3182 rationem.
910 3119 1013 3183 classe
1049 3119 1163 3203 paucis

158 3207 271 3274 diebus
295 3211 388 3274 erant
410 3205 579 3273 decreturi.
624 3206 839 3290 superabatur
861 3206 994 3271 navium
1017 3206 1164 3272 multitu·

159 3297 246 3363 dine:
269 3295 343 3362 dolo
366 3300 438 3362 erat
455 3293 673 3382 pugnandum,
696 3315 770 3358 cum
787 3315 848 3377 par
864 3315 930 3358 non
948 3299 1036 3358 esset
1054 3296 1164 3361 armis.

160 3383 332 3472 imperavit
359 3405 456 3468 quam
482 3383 638 3466 plurimas
670 3385 845 3446 venenatas
877 3385 1043 3465 serpentes
1073 3383 1164 3448 vivas

126 3491 142 3539 c
161 3474 274 3561 colligi
296 3493 412 3557 easque
437 3471 472 3535 in
489 3490 567 3534 vasa
584 3469 699 3533 fictilia
717 3469 829 3534 conici
863 3468 980 3532 harum
999 3491 1074 3533 cum
1092 3470 1164 3534 effe·

161 3563 260 3629 uisset
283 3580 433 3658 magnum
456 3555 710 3639 multitudinem,
738 3555 788 3619 die
815 3557 901 3638 ipso,
929 3576 992 3637 quo
1016 3555 1172 3622 facturus·
