2596 3910
167 260 210 323 60
441 257 501 314 XV.
520 256 795 312 EPAMINONDAS.
824 263 848 312 7.
868 263 893 311 8.

132 405 149 468 7
253 403 369 468 Fuisse
400 403 582 487 patientem
614 423 812 484 suorumque
848 401 984 465 iniurias
1017 399 1179 464 ferentem

167 492 295 575 civium,
319 491 404 575 quod
428 512 462 555 se
482 490 608 574 patriae
628 490 725 554 irasci
742 489 833 553 nefas
849 510 918 554 esse
936 489 1079 572 duceret,
1098 489 1179 553 haec

168 584 245 644 sunt
263 579 460 644 testimonia
498 599 665 642 cumeum
688 582 824 661 propter
846 576 1003 641 invidiam
1022 577 1108 641 cives
1129 577 1180 642 sui

168 668 341 751 praeficere
369 667 523 731 exercitui
552 665 733 729 noluissent
761 665 889 748 duxque
918 668 1005 728 esset
1033 664 1180 730 delectus

170 756 246 820 belli
270 755 454 840 imperitus,
477 754 568 818 cuius
592 773 772 818 errorores
795 758 944 818 coesset
967 752 1119 837 deducta,
1142 757 1182 817 ut

169 865 280 907 omnes
313 843 351 906 de
381 843 485 906 salute
517 841 798 924 pertimescerent,
831 841 917 925 quod
949 842 1096 905 locorum
1127 863 1182 905 an·

168 931 285 1016 gustiis
318 930 419 994 clausi
452 930 492 993 ab
529 929 681 994 hostibus
715 929 967 1013 obsidebantur,
1004 928 1181 993 desiderari

168 1021 283 1100 coepta
306 1022 357 1081 est
375 1016 620 1100 Epaminondae
644 1017 828 1102 diligentia:
852 1017 1028 1081 eratenim
1051 1017 1097 1080 ibi
1116 1018 1182 1100 pri-

134 1109 262 1169 oratus
285 1127 420 1170 numero
440 1105 565 1170 militis.
598 1127 699 1189 aquo
719 1127 792 1170 eum
816 1109 966 1188 peterent
985 1127 1090 1189 opem,
1111 1105 1182 1170 nul·
1282 1173 1283 1176 ,

169 1194 235 1257 lam
258 1194 409 1258 adhibuit
432 1194 623 1259 memoriam
642 1193 858 1260 contumeliae
877 1197 910 1257 et
929 1193 1107 1257 exercitum
1127 1193 1181 1257 ob

134 1297 149 1344 a
170 1281 293 1347 sidione
311 1283 488 1348 liberatum
502 1283 635 1366 domum
653 1282 782 1347 reduxit
799 1282 1004 1346 incolumem.
1031 1303 1090 1345 nec
1104 1303 1181 1346 vero
1285 1322 1286 1330 1

170 1370 232 1435 hoc
262 1373 362 1436 semel
392 1371 484 1456 fecit,
516 1372 573 1436 sed
610 1371 747 1454 saepius.
803 1371 943 1433 maxime
975 1373 1086 1432 autem
1118 1368 1182 1433 fuit
1286 1390 1287 1422 1

169 1458 307 1543 illustre,
330 1482 404 1524 cum
423 1461 457 1523 in
475 1458 735 1542 Peloponnesum
758 1458 935 1520 exercitum
959 1455 1106 1521 duxisset
1129 1457 1183 1521 ad·
1287 1456 1289 1534 l

170 1567 282 1610 versus
304 1545 576 1611 Lacedaemonios
601 1547 799 1626 haberetque
823 1543 965 1627 collegas
989 1543 1080 1627 duos,
1106 1567 1183 1628 quo-

169 1655 242 1696 rum
265 1634 349 1696 alter
372 1637 443 1696 erat
465 1631 651 1714 Pelopidas,
679 1632 730 1693 vir
756 1629 853 1693 fortis
877 1651 915 1694 ac
939 1634 1102 1696 strenuus.
1147 1633 1182 1697 hi

169 1740 242 1782 cum
266 1719 456 1782 criminibus
481 1718 740 1781 adversariorum
763 1738 875 1781 omnes
898 1718 934 1782 in
956 1719 1114 1784 invidiam
1132 1743 1183 1785 vc

169 1805 295 1868 nissant
318 1807 360 1869 ob
383 1826 518 1888 eamque
542 1826 612 1869 rem
629 1806 803 1888 imperium
822 1806 863 1870 iis
879 1811 966 1870 esset
984 1808 1183 1894 abrogatum

170 1897 268 1976 atque
301 1893 335 1957 in
367 1914 479 1957 eorum
510 1893 619 1958 locum
652 1893 708 1957 alii
739 1897 907 1978 praetores
941 1895 1184 1981 successissent,

135 1979 413 2066 sEpaminondas
437 1981 550 2065 populi
574 1983 657 2046 scito
680 2004 747 2046 non
770 1983 881 2065 paruit
903 1982 1052 2066 idemque
1075 1988 1114 2048 ut
1137 1984 1184 2049 fa-

171 2075 282 2136 cerent
303 2071 466 2155 persuasit
489 2070 623 2155 collegis
647 2074 681 2134 et
703 2070 839 2154 bellum,
869 2071 956 2154 quod
984 2077 1184 2156 susceperat,

171 2160 282 2245 gessit.
316 2179 456 2242 namque
475 2157 763 2240 animadvertebat,
781 2158 845 2222 nisi
863 2158 896 2222 id
914 2158 1055 2242 fecisset,
1074 2163 1183 2224 totum

172 2247 349 2311 exercitum
371 2250 505 2330 propter
527 2250 714 2330 praetorum
733 2245 986 2329 imprudentiam
1003 2246 1183 2311 inscitiam-

137 2349 233 2418 5que
266 2335 343 2397 belli
375 2334 565 2417 periturum.
610 2333 662 2397 lex
695 2338 766 2397 erat
793 2332 927 2414 Thebis,
959 2353 1041 2414 quae
1074 2339 1182 2399 morte

171 2422 346 2505 multabat,
370 2421 398 2485 si
422 2422 495 2504 quis
518 2422 692 2504 imperium
715 2420 837 2484 diutius
860 2419 1058 2504 retinuisset,
1083 2442 1182 2505 quam

97 2563 108 2584 „
170 2509 241 2594 lege
273 2508 481 2592 praefinitum
509 2509 603 2574 foret.
648 2509 731 2573 hanc
759 2507 1003 2592 Epaminondas
1032 2531 1105 2574 cum
1134 2513 1181 2575 rei

170 2597 319 2682 publicae
343 2597 580 2661 conservandae
605 2619 702 2662 causa
725 2597 827 2661 latam
850 2597 991 2681 videret,
1014 2598 1055 2662 ad
1077 2599 1182 2682 perni-

72 2682 76 2692 '
172 2686 253 2750 ciem
281 2686 425 2751 civitatis
453 2685 593 2750 conferri
624 2686 732 2750 noluit
763 2690 797 2750 et
827 2689 984 2769 quattuor
1016 2687 1181 2752 mensibus

172 2774 303 2858 diutius,
327 2796 424 2859 quam
448 2775 587 2858 populus
610 2774 761 2858 iusserat,
784 2775 888 2861 gessit
912 2775 1094 2859 imperium.

138 2863 157 2926 8
261 2862 441 2947 Postquam
464 2862 595 2927 domum
618 2863 762 2928 reditum
785 2867 845 2948 est,
868 2863 1012 2948 collegae
1032 2864 1100 2927 eius
1121 2863 1183 2928 hoc

173 2951 307 3016 crimine
326 2951 571 3017 accusabantur.
604 2952 723 3034 quibus
742 2951 799 3015 ille
820 2951 979 3036 permisit,
1002 2955 1040 3015 ut
1054 2972 1182 3014 omnem

173 3060 304 3104 causam
327 3041 420 3124 inse
443 3038 659 3104 transferrent
682 3060 805 3122 suaque
834 3061 933 3124 opera
959 3039 1083 3103 factum
1111 3061 1184 3104 con·

172 3127 352 3211 tenderent,
375 3132 412 3192 ut
430 3128 496 3214 legi
514 3149 581 3192 non
600 3127 798 3192 oboedirent.
835 3148 900 3210 qua
913 3127 1098 3194 defensioue
1117 3127 1183 3192 illis

172 3214 316 3298 periculo
350 3216 499 3281 liberatis
531 3237 626 3280 nemo
660 3214 921 3299 Epaminondam
953 3237 1184 3300 responsurum

139 3302 325 3387 eputabat,
349 3305 435 3388 quod
463 3304 541 3388 quid
569 3304 691 3368 diceret
722 3325 788 3368 non
815 3304 959 3368 haberet.
1005 3307 1041 3368 at
1067 3304 1123 3368 ille
1151 3303 1184 3367 in

173 3390 328 3456 iudicium
351 3391 453 3475 venit,
485 3391 568 3456 nihil
596 3414 708 3456 eorum
730 3393 876 3478 negavit,
904 3412 985 3475 quae
1009 3391 1185 3456 adversarii

174 3479 303 3544 crimini
326 3479 456 3563 dabant,
480 3479 662 3563 omniaque,
681 3501 763 3562 quae
779 3481 923 3565 collegae
937 3479 1094 3564 dixerant,
1114 3501 1186 3544 con·

173 3566 280 3632 fessus
311 3571 363 3632 est
392 3588 497 3652 neque
530 3567 693 3632 recusavit
726 3569 899 3652 quominus
932 3567 1015 3652 legis
1047 3587 1185 3651 poenam

506 3864 546 3896 ι
667 3824 785 3894 Α
