2598 3906
276 213 543 287 msceapaum
561 213 787 268 SCRIPTURAE
806 213 1032 269 HALMIANAE.
1105 213 1157 268 vn

154 359 184 417 in
211 379 247 420 ea
272 361 462 437 potissimum
488 361 562 420 urbe
631 364 664 440 4,
688 365 706 420 2
732 359 795 438 cui]
818 363 871 439 qui
939 365 972 441 5,
995 366 1015 421 4
1038 359 1155 438 tantae]

153 450 239 506 tanta
303 451 331 527 6,
351 451 369 507 2
389 449 476 508 effusi
539 450 569 526 7,
588 450 607 508 3
626 449 723 508 Attici
741 453 843 509 autem
861 449 945 526 quies
963 452 1049 510 tanto
1068 469 1156 527 opere

153 533 273 594 Caesari
340 537 369 614 8,
394 539 410 596 1
435 536 512 596 illud
533 539 653 612 tempus
677 538 773 597 occiso
797 537 935 614 Caesare,
961 556 1020 615 quo
1087 557 1156 597 een-

152 623 278 683 vertisee
301 620 482 700 [videretur]
535 627 555 684 4
579 622 742 702 seneque]
766 625 818 684 sed
839 644 936 702 neque
991 629 1020 704 9,
1044 629 1062 684 2
1086 644 1155 685 ven·

153 708 304 787 ditabant]
328 711 439 771 dabant
501 714 522 770 4
544 711 657 790 Attico,
680 731 804 789 sponsor
864 716 912 787 10,
933 716 952 773 3
975 732 1092 790 quoque
1111 716 1157 772 est

153 798 249 858 Attici
308 802 327 858 4
347 797 426 876 eiua]
446 799 529 859 illiue
589 803 607 861 5
627 801 695 860 fuit.
715 819 811 878 neque
829 801 910 860 enim
924 847 947 861 ..
963 801 1070 860 salutis
1090 797 1155 877 [sed

82 963 84 968 Ι
154 883 319 962 coniuncti]
388 887 524 947 blaude
551 889 648 947 fertur
717 892 771 968 12,
799 889 994 950 3triumviri
1063 891 1157 966 13,4

153 974 255 1048 potius
278 974 435 1052 diligentia
458 1018 491 1036 ..
514 978 561 1035 est
582 977 748 1036 industriae
818 979 867 1055 15,
893 980 908 1036 1
933 996 993 1037 non
1016 977 1158 1056 liberalis,

154 1061 206 1120 sed
228 1062 304 1122 levia
322 1063 547 1123 arbitrabatur.
562 1083 642 1123 .n0n
660 1066 761 1140 posset
823 1067 842 1124 3
862 1062 976 1141 potest]
995 1067 1115 1140 peterat

157 1151 207 1225 16,
223 1151 241 1208 3
257 1149 437 1210 desiderabit
487 1153 538 1229 18,
553 1153 571 1211 3
587 1152 638 1228 qui
653 1171 671 1210 a
685 1171 803 1228 quoque
818 1155 902 1212 ortus
954 1155 974 1212 4
989 1151 1108 1211 Claudii
1122 1151 1158 1210 de

153 1235 364 1296 Marcellorum
432 1239 450 1298 5
474 1256 545 1297 uam
566 1238 602 1297 de
625 1239 707 1316 viris,
730 1240 782 1316 qui
847 1239 975 1300 Romani
996 1239 1102 1316 popuii

155 1324 335 1384 credendum
353 1329 399 1385 eat
445 1327 495 1404 20,
516 1329 532 1384 1
554 1324 709 1402 scriberet]
729 1327 863 1386 mitteret
908 1329 927 1386 5
947 1323 1158 1403 [intercedere]
