2598 3906
555 174 588 230 X.
608 175 706 230 DION.
734 181 759 230 4.
779 182 802 230 5.
1143 177 1185 240 39

178 323 287 384 terant
314 318 444 402 Dionis,
476 319 512 383 in
538 341 637 384 naves
669 320 827 403 imposuit
854 320 894 384 ad
922 341 1059 404 eumque
1086 320 1186 384 misit.

179 409 226 473 sic
248 407 334 472 enim
357 407 538 472 existimari
561 407 706 492 volebat,
736 408 768 472 id
792 429 826 473 se
849 429 916 474 non
938 409 1012 474 odio
1035 409 1185 493 hominis,

178 497 233 560 sed
266 517 343 560 suae
376 495 492 560 salutis
525 494 641 560 fecisse
674 517 778 560 causa.
833 501 948 580 postea
979 517 1055 561 uero
1088 513 1221 580 quamn

177 585 301 648 audivit
329 606 403 648 eum
431 584 466 648 in
488 583 714 668 Peloponneso
742 606 874 648 manum
897 606 1086 669 comparare
1110 585 1186 649 sibi·

178 693 239 755 que
263 673 387 737 bellum
410 671 516 736 facere
536 673 655 756 conari,
673 670 806 758 Areten,
828 671 945 738 Dionis
963 695 1106 756 uxorem,
1130 672 1187 737 alii

72 777 79 790 ·
176 764 317 844 nuptum
340 759 430 825 dedit
452 759 621 844 filiumque
645 760 714 826 eius
738 761 785 826 sic
809 761 938 826 educari
956 761 1062 846 iussit,
1085 764 1123 825 ut
1140 761 1187 824 in-

177 849 339 935 dulgendo
367 849 565 932 turpissimis
593 849 793 914 imbueretur
821 849 1064 934 cupiditatibus.
1109 864 1222 913 name

176 959 277 1022 puero
306 937 396 1021 prius
425 958 523 1021 quam
550 937 652 1021 pubes
680 942 767 1002 esset
799 942 908 1003 scorta
935 938 1186 1020 adducebantur,

176 1027 253 1090 vino
273 1025 439 1108 epulisque
459 1025 666 1109 obruebatur,
684 1048 789 1109 neque
807 1027 911 1090 ullum
930 1030 1059 1109 tempus
1074 1025 1185 1092 sobrio

177 1113 429 1196 relinquebatur.
465 1113 494 1177 is
513 1135 615 1197 usque
634 1135 672 1178 eo
691 1115 777 1178 vitae
801 1119 925 1179 statum
948 1118 1185 1179 commutatum
1205 1131 1221 1178 t

177 1201 262 1266 ferre
288 1223 355 1266 non
381 1201 502 1285 potuit,
534 1205 710 1285 postquam
738 1202 773 1266 in
799 1203 940 1286 patriam
968 1203 1065 1268 rediit
1092 1206 1186 1287 pater

179 1287 333 1376 (namque
356 1288 500 1374 appositi
523 1293 616 1354 erant
639 1289 805 1373 custodes,
828 1291 884 1373 qui
907 1311 981 1355 eum
1004 1312 1023 1354 a
1045 1291 1185 1373 pristino

177 1379 267 1443 victu
294 1375 517 1463 deducerent),
548 1381 586 1442 ut
614 1398 648 1442 se
677 1377 715 1442 de
743 1377 909 1461 superiore
936 1381 1029 1463 parte
1058 1377 1186 1442 aedium

177 1467 330 1533 deiecerit
353 1471 451 1550 atque
474 1466 523 1530 ita
545 1465 717 1530 interierit.
764 1466 819 1530 red
842 1466 921 1531 illuc
943 1469 1097 1531 revertor.

265 1555 346 1620 Post
332 1559 445 1638 tquam
478 1552 673 1620 Corinthum
709 1554 858 1638 pervenit
889 1553 976 1619 Dion
1008 1559 1042 1618 et
1074 1554 1225 1620 eodem5

177 1643 321 1730 perfugit
342 1641 532 1708 Heraclides
555 1643 596 1707 ab
621 1642 733 1708 eodem
756 1643 909 1727 expulsus
932 1641 1106 1728 Dionysio,
1129 1642 1185 1726 qui

104 1728 107 1732 ’
177 1731 321 1816 praefect
322 1753 360 1796 us
384 1731 491 1795 fuerat
514 1731 670 1815 equitum,
693 1731 782 1796 omni
805 1732 931 1796 ratione
954 1732 1077 1797 bellum
1101 1753 1185 1796 com-

178 1841 292 1904 parare
311 1823 495 1902 coeperunt.
531 1820 670 1884 sednon
689 1820 772 1884 mult
758 1823 829 1883 tum
851 1807 1075 1904 proficiebant,
1098 1819 1185 1903 quod
1204 1836 1220 1884 a

178 1908 263 1972 mult
249 1911 357 1972 torum
385 1927 543 1970 annorum
570 1907 718 1989 tyrannis
740 1928 938 2008 ,magnarum
966 1930 1065 1990 opum
1093 1911 1185 1990 puta·

178 1997 291 2061 batur:
315 2016 413 2078 quam
437 1995 478 2058 ob
502 2015 632 2058 causam
654 1995 749 2076 pauci
773 1993 814 2058 ad
837 1995 974 2060 societat
976 2017 1027 2058 em
1049 1995 1185 2078 periculi

177 2083 445 2168 perducebantur.
489 2081 544 2146 sed
567 2080 663 2164 Dion,
684 2081 788 2146 fretus
811 2085 969 2146 nontam
993 2081 1060 2146 suis
1084 2082 1185 2165 copiis
1204 2101 1220 2148 a

178 2195 276 2258 quam
305 2171 379 2236 odio
393 2170 551 2272 tyranni,
579 2169 720 2234 maximo
744 2169 852 2234 animo
876 2170 1000 2235 duabus
1030 2171 1185 2235 onerariis

177 2262 314 2327 navibus
346 2259 583 2345 quinquaginta
615 2280 773 2323 annorum
805 2259 991 2344 imperium,
1024 2259 1186 2323 munitum

177 2349 364 2436 quingentis
387 2349 495 2434 longis
517 2347 664 2432 navibus,
687 2347 797 2412 decem
821 2347 968 2430 equitum
991 2351 1185 2431 centumque

176 2439 266 2523 pedit
267 2460 323 2503 um
347 2437 493 2519 milibus,
520 2435 685 2520 profectus
709 2439 947 2536 oppugnatum,
975 2436 1060 2520 quod
1084 2437 1185 2501 omni·

176 2528 238 2591 bus
266 2525 419 2611 gentibus
448 2524 636 2588 admirabile
665 2529 716 2588 est
737 2525 857 2608 visum,
885 2525 964 2588 adeo
992 2524 1087 2589 facile
1115 2547 1185 2608 per-

177 2615 267 2697 culit,
289 2617 328 2676 ut
349 2617 426 2696 post
448 2613 533 2681 diem
556 2611 690 2676 tertium
698 2633 827 2694 ,quam
848 2575 1053 2677 Siciliamt
1020 2613 1185 2698 attigerat,

180 2701 356 2785 Syracusas
384 2699 556 2763 introierit.
602 2721 641 2762 ex
664 2721 728 2781 quo
751 2699 898 2798 intellegi
925 2721 967 2782 po
970 2704 1036 2764 test
1058 2701 1185 2764 nullum

178 2811 248 2854 esse
273 2788 444 2872 imperium
467 2791 577 2850 tutum
599 2787 664 2850 nisi
686 2787 882 2850 benivolent'
859 2790 906 2850 ιιι
928 2787 1100 2850 munitum.
1145 2803 1220 2852 eos

82 2919 84 2922 -
176 2883 323 2962 tempore
351 2877 465 2940 aberat
487 2874 664 2958 Dionysius
693 2879 726 2938 et
752 2874 841 2938 int
809 2873 907 2938 Italia
930 2875 1067 2938 classem
1091 2897 1185 2959 oppe-

177 2967 282 3030 riebat
268 2971 322 3030 tur
351 2964 622 3048 adversariorum,
649 2968 740 3028 ratus
769 2963 932 3027 neminem
960 2963 1028 3026 sine
1057 2963 1183 3050 magnis

178 3055 279 3138 copiis
308 3054 348 3118 ad
376 3057 614 3119 serenturum.
661 3071 816 3136 quaeres
840 3074 914 3115 eum
937 3051 1062 3116 fefellit
1107 3069 1219 3117 namt

178 3140 311 3206 Dion
289 3164 331 3206 ιιι
358 3142 453 3226 ipsis,
484 3143 539 3224 qui
568 3140 627 3205 sub
657 3140 831 3205 adversarii
858 3139 987 3204 fuerant
973 3145 1052 3224 tpo
1054 3145 1174 3206 ιιιιιι
1121 3145 1183 3225 aet,

178 3230 284 3314 regios
308 3229 443 3314 spiritus
467 3229 623 3313 repressit
647 3229 814 3313 totiusque
838 3229 906 3292 eius
929 3229 1033 3313 partis
1054 3227 1184 3294 Siciliae

176 3318 303 3400 potitus
326 3323 385 3402 est,
408 3335 490 3400 quae
514 3318 574 3382 sub
598 3315 748 3401 Dionysii
771 3315 878 3380 fuerat
899 3321 1077 3401 potestate,
1100 3317 1184 3400 pari-

177 3426 240 3488 que
273 3406 367 3470 modo
399 3407 489 3470 urbis
519 3404 752 3489 Syracusarum
783 3409 913 3488 praeter
943 3426 1049 3469 arcem
1078 3408 1111 3467 et
1138 3405 1184 3468 in-

176 3493 282 3558 sulam
315 3493 500 3559 adiunctam
532 3493 668 3578 oppido,
705 3515 807 3576 eoque
839 3515 909 3556 rem
940 3492 1109 3574 perduxit,
1146 3501 1219 3556 ute
