2596 3910
151 212 214 276 106
455 208 539 264 XXV.
558 207 721 265 ruricus
751 213 792 263 ro.
813 213 853 263 11.

148 361 206 422 aut
228 351 400 440 periculo),
429 353 635 436 habebatque
660 375 770 418 secum
794 352 830 428 Q.
855 351 998 417 Gellium
1022 351 1159 438 Canum,

112 444 316 528 coequalem
338 441 604 524 simillimumque
628 441 687 506 sui.
710 441 794 532 ,hoc
818 462 946 525 quoque
969 440 1076 506 Attici
1102 442 1159 506 bo·

148 532 264 598 nitetis
282 531 474 615 exemplum,
493 530 579 612 quod
598 550 671 594 cum
690 551 738 614 eo,
757 550 853 612 quem
871 550 1008 613 puerum
1027 529 1062 594 in
1080 530 1158 595 ludo

149 624 316 707 cognorat,
339 619 418 683 adeo
441 617 612 684 coniuncte
634 617 726 700 uixit,
748 621 787 681 ut
809 617 850 681 ad
873 621 1053 682 extremam
1071 622 1159 682 aeta

113 714 216 775 rtem
244 707 389 773 amicitia
416 728 528 772 eorum
556 704 702 770 creverit.
747 703 911 770 Antonius
940 706 1063 790 eutem,
1094 707 1159 772 etsi

148 802 242 863 tanto
266 795 340 862 odio
362 795 529 860 ferebatur
551 793 586 857 in
609 791 810 876 Ciceronem,
840 797 967 859 utnon
989 794 1096 860 solum
1119 796 1159 880 ei,

149 886 205 951 sed
228 885 329 951 etiam
352 883 502 948 omnibus
526 881 595 946 eius
619 881 731 946 amicis
755 885 843 946 esset
864 881 1017 948 inimicus
1038 904 1159 966 eosque

148 973 246 1038 vellet
277 971 479 1056 proscribere
509 969 622 1034 multis
653 970 879 1055 hortantibus,
911 975 1023 1043 tamen
1051 970 1158 1037 Attici

149 1082 273 1126 memor
290 1059 355 1124 fuit
373 1057 473 1123 officii
487 1061 521 1122 et
539 1057 577 1142 ei,
601 1079 674 1122 cunr
692 1058 893 1144 requisisset,
915 1059 1049 1124 ubinam
1062 1065 1159 1144 esset,

149 1172 208 1214 sua
226 1169 324 1214 manu
343 1147 483 1231 scripsit,
501 1168 541 1211 ne
560 1145 692 1211 timeret
711 1147 889 1230 statimque
907 1147 949 1214 ad
967 1148 1158 1214 reveniret:

68 1281 71 1288 ·
150 1259 183 1324 qe
205 1259 279 1302 eum
297 1239 331 1301 et
350 1236 419 1301 eius
438 1233 674 1301 causationum
693 1235 731 1299 de
749 1236 1010 1320 proscriptorum
1022 1257 1157 1302 numero

149 1325 314 1392 exemisse.
347 1346 384 1389 cc
402 1345 443 1388 ne
462 1323 548 1407 quod
565 1323 746 1410 periculum
764 1324 930 1409 incideret,
954 1325 1041 1408 quod
1058 1329 1158 1392 noctu

114 1415 264 1498 sfiebat,
295 1411 493 1497 praesidium
521 1411 551 1476 ei
575 1411 678 1512 pnisit.
724 1411 771 1476 sic
798 1411 931 1495 Atticus
963 1413 998 1476 in
1031 1406 1164 1478 summo

148 1503 267 1567 timore
293 1523 360 1566 non
387 1500 493 1566 solum
521 1499 598 1583 sibr,
628 1499 685 1563 sed
713 1500 813 1564 etiam
841 1501 884 1584 ei,
912 1522 1009 1584 quem
1032 1502 1158 1567 curiari-

149 1612 239 1655 mum
260 1589 412 1671 habebat,
434 1587 596 1670 praesidio
619 1585 684 1650 fuit
708 1589 824 1669 [neque
848 1588 935 1652 enim
955 1611 1032 1654 suae
1051 1590 1158 1655 solum

145 1699 169 1742 'a
200 1696 364 1761 quoquam
395 1675 552 1738 euxilium
583 1673 681 1757 petiit
713 1675 847 1759 salutis,
880 1677 937 1741 scd
970 1677 1158 1760 coniuncti],

148 1769 186 1831 ut
214 1766 384 1848 appareret
410 1762 535 1826 nullam
563 1761 743 1827 seiunctam
774 1763 838 1827 sibi
862 1764 903 1829 ab
927 1765 1071 1836 covello
1095 1765 1158 1831 for·
1280 1809 1281 1818 .

114 1858 271 1921 otunam.
318 1850 433 1934 quodsi
460 1850 660 1936 gubernator
688 1851 863 1934 praecipua
892 1852 987 1918 laude
1018 1853 1160 1939 effertur,
1252 1887 1281 1950 χ

150 1943 206 2026 qui
232 1961 348 2008 navem
375 1956 421 2004 ex‘
440 1939 547 2005 hieme
574 1937 720 2022 marique
748 1941 920 2023 scopuloso
949 1945 1071 2027 servat,
1103 1965 1160 2008 cur
1262 1971 1281 1996 ·1

147 2053 215 2096 non
237 2027 412 2115 singularis
436 2027 504 2092 eius
528 2027 732 2091 existimetur
754 2029 940 2112 prudentia,
964 2029 1021 2114 qui
1044 2052 1084 2095 ex
1107 2034 1160 2096 tot
1280 2017 1281 2070 l

79 2166 83 2170 -
149 2124 282 2219 tamque
305 2116 458 2202 gravibus
482 2114 634 2199 procellis
658 2115 807 2180 civilibus
831 2117 872 2181 ad
897 2117 1160 2184 incolumitatem

100 2206 373 2370 llpmegiiihus.
388 2314 427 2356 ex
450 2291 544 2357 malis
567 2295 605 2356 ut
628 2313 663 2357 se
686 2293 833 2378 emersit,
865 2293 947 2357 m'hil
978 2294 1066 2358 aliud
1089 2295 1160 2379 egit
1193 2364 1200 2375 ,

151 2404 248 2466 quam
270 2385 308 2445 ut
334 2376 428 2462 quam
454 2379 620 2464 plurimis,
651 2380 768 2463 quibus
796 2381 892 2446 rebus
918 2385 1044 2465 posset,
1071 2387 1160 2447 esset
1278 2401 1281 2422 ⁴

151 2469 280 2534 auxilio.
326 2488 400 2532 cum
421 2467 623 2550 proscriptos
650 2468 805 2552 praemiis
833 2470 1069 2554 imperatorum
1090 2471 1159 2534 vul·

150 2577 211 2643 gos
235 2555 455 2639 conquireret,
476 2576 572 2620 nemo
595 2555 631 2619 in
652 2554 791 2640 Epirum
813 2557 918 2643 venit,
941 2557 993 2624 cui
1015 2579 1068 2624 res
1090 2559 1159 2622 ulla

151 2645 302 2711 defuerit:
333 2643 456 2708 nemini
482 2665 548 2709 non
574 2643 621 2709 ibi
648 2649 805 2729 perpetuo
834 2647 984 2712 manendi
1011 2650 1159 2730 potestas

114 2733 239 2800 alecto
266 2736 329 2818 est3
362 2733 441 2816 quin
468 2732 568 2798 etiam
593 2737 671 2817 post
697 2734 858 2817 proelium
881 2733 1091 2820 Philippense
1114 2737 1160 2800 lu·

150 2823 348 2906 teritumque
373 2819 407 2887 0.
422 2819 528 2887 Cassii
551 2824 584 2884 et
607 2819 650 2885 M.
673 2820 769 2886 Bruti
792 2821 828 2886 L.
846 2821 967 2887 Iulium
992 2821 1160 2888 Mocillam

150 2911 351 2996 praetorium
374 2913 408 2973 et
430 2909 535 2972 filium
557 2909 626 2973 eius
645 2907 831 2994 Aulumque
851 2909 1054 2994 Torquatum
1077 2915 1161 2976 cete-

151 3019 268 3082 rosque
300 2998 372 3081 pari
403 2996 536 3062 fortune
566 2998 733 3080 perculsos
766 2998 912 3063 instituit
943 2997 1028 3062 tueri
1061 3001 1160 3083 atque

152 3107 190 3148 ex
213 3084 315 3168 Epiro
338 3084 379 3149 iis
403 3085 512 3150 omnia
536 3082 814 3157 Samothraecicm
838 3085 1027 3171 supportari
1053 3085 1160 3152 iussit.

116 3189 131 3236 3
152 3170 283 3236 difficile
306 3177 358 3236 est
381 3173 490 3236 omnia
512 3173 663 3256 persequi
683 3177 717 3237 et
734 3195 801 3238 non
819 3174 1048 3240 necessarium.
1080 3175 1159 3240 illud

152 3280 252 3324 unum
283 3259 431 3343 intellegi
464 3260 631 3342 volumus,
667 3261 756 3326 illius
793 3262 1026 3327 liberalitatem
1057 3283 1161 3346 neque

115 3345 384 3430 stemporariam
406 3367 510 3428 neque
533 3347 685 3412 callidam
707 3348 817 3413 fuisse.
854 3350 888 3414 id
907 3371 946 3414 ex
963 3350 1045 3433 ipsis
1064 3351 1162 3416 rebus

152 3455 189 3499 sc
217 3433 419 3516 temporibus
447 3433 584 3498 iudicari
611 3439 735 3519 potest,
764 3437 850 3518 quod
876 3459 943 3502 non
970 3438 1162 3503 florentibus

152 3541 186 3584 se
200 3521 388 3604 venditavit,
403 3520 459 3584 sed
475 3520 605 3586 afflictis
621 3543 748 3606 semper
762 3524 936 3588 succurrit:
960 3524 1017 3608 qui
1032 3525 1162 3608 quidem
