2596 3910
481 226 566 282 XXV.
584 225 744 282 hiulcus,
772 231 850 280 a-t.
1105 228 1163 292 101

164 370 294 436 afferret
320 370 368 436 rei
394 369 562 454 familiari,
592 370 704 434 eodem
734 391 887 456 magnam
913 374 1041 454 partem
1068 371 1169 436 fortu-

163 481 278 524 narum
309 459 440 524 traiecit
467 480 607 523 suarum.
652 459 706 524 hic
737 459 785 522 ita
812 458 909 542 vixit,
940 461 979 522 ut
1009 459 1168 523 universis

37 575 41 579 ·
163 545 418 612 Atheniensibus
446 547 563 611 merito
591 550 679 612 esset
702 546 897 612 consuimus.
941 566 1018 611 nam
1040 552 1205 630 praetera

162 635 313 721 gratiam,
335 655 419 719 quae
436 635 502 699 iarn
520 635 555 698 in
573 635 814 700 adulescentulo
833 653 953 720 magna
971 637 1051 718 erat,
1074 655 1169 718 saepe

162 724 229 788 suis
258 722 375 807 opibus
407 723 552 806 inopiam
581 745 694 788 eorum
725 722 890 806 publicam
921 721 1050 787 levarit.
1096 743 1170 787 cum

162 812 249 876 enim
266 831 435 876 versuram
452 810 558 876 facere
576 811 705 895 publice
722 831 854 876 necesse
872 814 960 875 esset
976 831 1081 894 neque
1100 810 1169 875 eius

162 899 385 966 condicionem
408 919 544 983 aequam
566 899 732 984 haberent,
755 920 883 983 semper
906 919 940 964 sc
963 898 1170 984 interposuit,

161 991 260 1071 atque
282 985 331 1050 ita
352 990 390 1051 ut
411 1008 515 1071 neque
537 1008 670 1052 usuram
692 1009 848 1072 umquam
871 987 913 1052 ab
939 986 981 1051 iis
1009 987 1170 1073 acceperit

160 1095 267 1158 neque
289 1075 431 1160 longius,
444 1076 552 1159 'qnam
575 1075 699 1140 dictum
722 1079 817 1160 esset,
839 1075 955 1140 debere
971 1075 1093 1160 'passus
1116 1076 1169 1140 sit.

162 1162 248 1245 quod
275 1166 450 1246 utrumque
477 1167 549 1228 erat
575 1163 616 1228 iis
644 1164 799 1227 salutare:
830 1183 907 1227 nam
932 1183 1037 1246 neque
1065 1164 1203 1229 indul-o

161 1250 267 1336 gendo
290 1251 526 1315 inveterascere
549 1272 661 1315 eorum
680 1272 734 1315 aes
754 1249 895 1315 alienum
912 1250 1100 1334 patiebatur
1117 1273 1169 1316 ne·

161 1359 224 1422 que
247 1337 503 1422 multiplicandis
522 1339 629 1403 usuris
649 1359 801 1403 crescere.
835 1338 926 1402 auxit
943 1338 1006 1402 hoc
1025 1337 1169 1404 officium
1187 1356 1204 1406 u

161 1426 225 1491 alia
248 1447 377 1511 quoque
399 1425 612 1492 liberalitate:
639 1447 716 1492 nam
738 1426 906 1491 universos
928 1425 1093 1491 immento
1116 1425 1170 1491 do·
1233 1451 1236 1458 ¹

159 1515 260 1601 navit,
282 1515 331 1580 ita
353 1518 392 1579 ut
414 1514 553 1601 singulis
577 1515 646 1580 seni
670 1514 770 1579 modii
793 1514 898 1579 tritici
921 1515 1090 1599 darentur,
1113 1514 1169 1598 qui

160 1604 275 1668 modus
298 1624 468 1668 mensurae
491 1603 673 1669 medimnus
695 1602 836 1668 Athenis
859 1603 1051 1687 appellatur.
1212 1677 1216 1684 ¹

248 1689 313 1756 Hic
335 1695 446 1756 autem
469 1691 516 1756 sic
539 1713 573 1757 se
597 1692 746 1778 gerebat,
775 1696 813 1756 ut
836 1691 1016 1757 communis
1039 1691 1214 1776 infimiqd

159 1798 219 1861 par
246 1778 449 1861 principibus
476 1779 652 1844 videretur
694 1801 758 1863 quo
790 1779 914 1846 factum
947 1783 998 1844 est
1028 1784 1067 1844 ut
1092 1781 1171 1846 huic

162 1886 273 1929 omnes
292 1865 442 1949 honores,
465 1885 547 1948 quos
565 1871 709 1951 possent,
731 1867 860 1950 publice
878 1868 1038 1932 haberent
1054 1869 1169 1932 civem-

161 1974 222 2036 que
254 1952 360 2018 facere
393 1952 575 2017 studerent:
608 1975 672 2037 qno
704 1954 862 2018 beneficio
894 1954 949 2018 ille
980 1955 1031 2017 uti
1062 1955 1169 2018 noluit
1271 1977 1275 1982 ’

161 2040 261 2123 [quod
292 2039 445 2105 nonnulli
476 2039 525 2104 ita
557 2041 829 2125 interpretantur,
861 2041 970 2104 amitti
1002 2039 1168 2105 civitatem

159 2128 342 2193 Romanam
365 2127 430 2192 alia
457 2127 583 2208 ascita}
629 2128 784 2212 quamdiu
811 2127 917 2212 affuit,
943 2148 984 2192 na
1013 2149 1077 2211 qua
1104 2129 1203 2193 sibia

160 2221 272 2281 statua
298 2219 488 2300 poneretur,
515 2215 653 2300 restitit,
682 2216 799 2280 absens
826 2215 998 2299 prohibere
1020 2237 1087 2281 non
1113 2238 1168 2301 po

160 2305 234 2370 tuit.
270 2304 381 2388 itaque
401 2303 527 2387 aliquot
549 2303 613 2387 ipsi
637 2306 671 2367 et
689 2301 824 2368 Phidiae
847 2303 928 2368 locis
952 2303 1168 2370 sanctissimis

158 2397 350 2477 posuerunt:
377 2392 464 2456 hunc
492 2389 578 2455 enim
605 2391 640 2455 in
668 2391 755 2456 omni
782 2391 1010 2475 procuratione
1037 2391 1085 2457 rci
1111 2414 1168 2477 pu-

158 2481 262 2545 blicae
299 2483 444 2546 actorem
480 2483 710 2564 auctoremque
749 2480 915 2545 habebant
950 2480 1184 2565 potissimum..

157 2568 261 2652 igitur
282 2567 425 2650 primum
447 2565 528 2630 illud
550 2589 667 2632 munus
690 2567 850 2652 fortunae,
873 2568 960 2651 qnod
978 2569 1012 2633 in
1031 2581 1069 2634 ea
1086 2570 1167 2634 urbe
1186 2585 1202 2632 3

158 2657 256 2719 natus
284 2656 348 2736 est,
381 2653 417 2716 in
445 2673 509 2735 que
540 2654 740 2718 domicilium
767 2619 856 2719 orbis
888 2659 1049 2720 terrarum
1081 2662 1168 2721 esset

159 2741 303 2825 imperii,
338 2703 377 2804 ht
403 2739 537 2804 eandem
564 2744 598 2804 et
624 2741 766 2824 patriam
792 2741 929 2805 haberet
960 2747 994 2806 et
1022 2744 1167 2828 domum3

159 2831 222 2895 hoc
246 2829 409 2913 specimen
431 2827 631 2911 prudentiae,
654 2828 749 2912 quod,
781 2850 854 2893 cum
883 2830 918 2893 in
940 2850 1012 2894 eam
1035 2851 1069 2894 se
1093 2831 1167 2896 civi-

159 2921 263 2982 tatem
278 2915 471 2982 contulisset
456 2919 585 3000 t,quae
605 2916 809 3001 antiquitate,
831 2917 1035 2983 humanitate
1049 2918 1167 2984 doctri·

158 3027 263 3090 neque
286 3007 470 3090 praestaret
493 3026 614 3089 omnes,
637 3025 720 3070 unus
743 3005 773 3070 ei
795 3003 860 3069 fuit
883 3005 1077 3072 carissimus.

246 3091 320 3159 Huc
342 3115 382 3158 ex
399 3092 481 3158 Asia
500 3091 592 3158 Sulla
614 3092 770 3158 decedens
790 3115 863 3158 cum
882 3094 1034 3179 venisset,
1056 3096 1204 3179 quam-4

159 3181 214 3247 diu
237 3183 284 3247 ibi
310 3181 387 3266 fuit,
417 3202 526 3248 secum
552 3181 669 3246 habuit
691 3179 920 3267 Pomponium,
947 3186 1062 3268 captus
1090 3185 1165 3249 adu·

158 3271 310 3335 lescentis
333 3273 367 3334 et
388 3268 592 3335 humanitate
616 3273 649 3334 et
672 3269 827 3335 doctrina.
863 3271 910 3336 sic
933 3271 1019 3336 enim
1043 3270 1164 3336 Graece

158 3360 367 3443 loquebatur,
388 3361 426 3422 ut
448 3357 588 3422 Athenis
610 3362 708 3423 natus
731 3358 908 3444 uideretur3
939 3363 1032 3424 tanta
1056 3364 1165 3424 autem

159 3447 303 3513 suavitas
327 3448 398 3510 erat
421 3446 579 3511 sermonis
597 3444 717 3531 Latini,
738 3450 777 3510 ut
799 3451 970 3532 appareret
992 3447 1027 3510 in
1050 3466 1087 3511 eo
1110 3467 1164 3512 na

159 3535 263 3602 tivum
282 3532 440 3620 quendam
458 3533 602 3619 leporem
621 3555 700 3620 esse,
721 3555 789 3600 non
807 3536 954 3600 ascitum
986 3533 1073 3599 idem
1090 3537 1164 3620 po&
