2598 3906
131 205 174 268 52
450 201 522 255 XIV.
540 198 722 255 DATAMES.
750 207 766 252 δ
795 206 818 253 6.

132 347 318 430 amicitiam,
341 367 473 410 manum
492 349 667 428 comparat,
685 344 782 408 urbes
802 343 944 408 munitas
963 344 1030 408 suis
1049 349 1139 408 tucn·

132 437 189 500 das
213 435 323 499 tradit.

97 524 117 588 6
221 522 283 588 Sed
302 523 383 586 haec
400 525 534 606 propter
552 521 691 584 hiemale
710 525 839 602 tempus
859 519 964 583 minus
984 541 1140 604 prospere

131 612 357 696 procedebant.
399 609 489 673 audit
512 607 638 672 Pisidas
663 609 821 690 quosdam
845 607 954 690 copias
985 609 1139 672 adversus

133 721 312 784 separare.
353 698 457 762 filium
480 719 517 761 ec
541 696 734 760 Arsidaeum
758 717 831 760 cum
855 696 998 760 exercitu
1021 697 1140 780 mittit,

134 788 220 853 cadit
243 788 277 852 in
294 786 419 870 proelio
439 785 634 849 adulescens.
666 783 887 867 proficiscitur
905 805 943 848 eo
962 788 1056 867 pater
1073 807 1139 848 non

133 877 181 940 ita
204 894 322 960 magna
345 896 418 939 cum
442 895 552 956 manu,
581 872 702 956 celans,
731 875 890 955 quantum
913 872 1029 936 vulnus
1053 894 1141 937 acce-

133 965 245 1047 pisset,
264 961 348 1045 quod
366 961 456 1044 prius
476 961 517 1026 ad
534 961 663 1025 hostem
676 960 844 1043 pervenire
860 960 1020 1044 cupiebat,
1043 982 1141 1043 quam

134 1052 172 1115 de
195 1051 279 1114 male
302 1072 336 1114 re
359 1048 453 1150 gesta
475 1049 563 1114 fama
581 1049 621 1112 ad
640 1069 716 1112 suos
734 1048 927 1132 perveniret,
950 1071 990 1113 ne
1010 1049 1142 1133 cognita

99 1140 193 1205 afilii
216 1142 321 1203 morte
345 1138 444 1202 animi
468 1138 717 1204 debilitarentur
740 1137 826 1200 milit
812 1141 890 1200 t.um
929 1158 992 1220 quo
1012 1141 1141 1202 conten-

134 1229 241 1312 derat,
272 1226 459 1330 pervenit'
451 1226 557 1310 risque
582 1226 664 1290 locis
693 1229 800 1290 castra
831 1225 938 1309 ponit,
969 1229 1007 1290 ut
1038 1247 1141 1325 neque

135 1316 300 1382 circumiri
308 1295 532 1380 multitudine
556 1314 813 1379 adversariorum
831 1317 944 1396 posset
962 1335 1065 1396 neque
1084 1314 1142 1377 im-

135 1405 248 1488 pediri,
272 1405 444 1488 quominus
467 1404 537 1487 ipse
561 1403 601 1467 ad
619 1402 836 1466 dimicandum
857 1423 988 1465 manum
1006 1401 1142 1466 haberet

101 1512 196 1576 aexp
198 1493 327 1558 editam.
373 1496 443 1556 erat
466 1513 539 1556 cum
562 1512 600 1554 eo
624 1489 671 1552 Mi
673 1489 916 1570 t,hrobarzanes
945 1509 1036 1552 socer
1063 1490 1143 1573 eius,

135 1580 318 1666 praefectur
351 1579 441 1661 equit
442 1601 506 1642 um.
556 1578 585 1640 is
618 1575 796 1658 desperatis
829 1575 954 1658 generi
972 1576 1069 1641 rebus
1102 1541 1143 1642 ad

135 1667 212 1768 host
198 1671 247 1730 tes
272 1665 458 1749 transfugit.
503 1664 535 1727 id
558 1663 775 1727 Datamest
737 1667 775 1726 ut
803 1662 942 1747 audivit,
963 1665 1086 1749 sensit,
1111 1667 1142 1730 si

136 1754 328 1819 mturbam
355 1753 475 1816 exisset
502 1752 542 1815 ab
570 1750 701 1815 homine
729 1754 798 1814 tam
824 1714 1007 1817 necessbrio
1031 1775 1066 1818 se
1096 1777 1142 1818 re

136 1777 259 1924 lictum,
282 1839 428 1904 futurum
451 1843 489 1904 ut
512 1839 611 1904 ceteri
629 1840 708 1904 idem
727 1838 898 1904 consilium
918 1846 1143 1926 sequerentur,

102 1933 239 2012 litaque
261 1929 294 1994 in
318 1929 434 2014 vulgus
458 1928 525 1993 edit
549 1949 607 1992 suo
636 1928 728 1992 iussu
751 1926 1049 1994 Mithrobarzanem
1071 1951 1143 2013 pro·

137 2020 259 2084 fectum
281 2039 340 2102 pro
363 2016 513 2103 perfuga,
536 2038 599 2100 quo
622 2015 750 2080 facilius
774 2020 925 2100 receptus
946 2017 1144 2082 interficeret

136 2108 263 2172 hostes:
296 2128 394 2190 quare
426 2105 566 2189 relinqui
593 2126 667 2169 aum
693 2126 753 2188 par
779 2126 845 2169 non
873 2126 942 2170 esse
971 2110 1004 2170 et
1032 2128 1142 2171 omnes

138 2195 311 2262 confestim
334 2195 434 2277 sequi.
471 2193 604 2278 quodsi
623 2193 730 2256 animo
755 2197 887 2257 strenuo
910 2191 1073 2276 fecissent,
1096 2194 1143 2258 fu·

138 2289 248 2348 turum
275 2286 313 2346 ut
340 2281 515 2347 adversarii
546 2302 612 2345 non
643 2284 779 2364 possent
810 2280 976 2364 resistere,
1008 2302 1082 2345 cum
1110 2287 1144 2345 et

103 2387 124 2437 5·
138 2373 226 2435 intra
257 2369 379 2434 vallum
407 2374 440 2434 at
471 2369 552 2434 foris
584 2368 801 2433 caederentur.
845 2367 907 2432 hac
939 2389 973 2432 re
1004 2369 1145 2451 probata

139 2458 316 2524 exercitum
347 2456 472 2540 educit,
503 2456 800 2522 Mithrobarzanem
831 2456 1055 2541 persequitur,
1088 2459 1143 2541 qui

139 2551 267 2612 tantum
282 2545 368 2628 quod
386 2545 426 2609 ad
444 2545 556 2609 hostes
574 2547 774 2628 pervenerat,
792 2564 861 2608 cum
874 2542 1030 2610 Datames
1050 2545 1144 2631 signa

104 2653 120 2701 6
139 2633 250 2700 inferri
273 2633 373 2698 iubet.
410 2631 538 2698 Pisidae
560 2654 701 2698 novare
725 2633 880 2697 commoti
902 2633 937 2697 in
960 2634 1144 2717 opinionem

139 2723 340 2788 adducuntur
366 2719 519 2806 perfugas
548 2722 633 2786 mala
660 2721 722 2786 fide
751 2721 995 2806 compositoque
1019 2721 1143 2804 fecisse,

139 2817 177 2876 ut
199 2809 322 2895 recepti
345 2809 461 2875 maiori
483 2814 592 2875 essent
612 2809 801 2874 calamitati.
837 2810 978 2893 primum
998 2831 1052 2874 eos
1072 2811 1145 2874 ado·

140 2901 276 2964 riuntur.
309 2898 357 2962 illi
377 2920 458 2982 cum,
478 2897 555 2981 quid
573 2902 724 2984 ageretur
743 2902 800 2961 aut
819 2919 917 2982 quare
936 2898 1037 2982 fieret,
1042 2897 1145 3048 tigno·
1223 2957 1226 2966 .

140 2993 262 3070 rarent,
291 2987 395 3052 coacti
423 2990 499 3051 sunt
521 3007 595 3050 cum
617 2986 657 3050 iis
685 3005 842 3070 pugnare,
866 2986 906 3050 ad
934 3007 1014 3070 quos
1042 2989 1145 3050 tr-ans

140 3075 254 3158 ierant,
277 3075 361 3139 ab''
342 3097 445 3158 nsque
472 3078 567 3158 stare,
591 3095 671 3158 quos
695 3074 908 3157 reliquerant:
932 3074 1048 3157 quibus
1073 3095 1145 3138 cum

106 3163 248 3227 rneutri
271 3167 450 3263 parcerent,
474 3125 622 3228 celeriter
645 3165 721 3226 sunt
740 3163 868 3226 concisi.
905 3162 1047 3246 reliquos
1066 3161 1146 3225 Pisi·
1264 3235 1268 3244 ,

141 3251 211 3315 das
222 3251 410 3316 resistentes
429 3214 585 3315 Datames
608 3250 745 3314 invadit:
767 3251 873 3334 primo
897 3251 1022 3333 impetu
1044 3250 1147 3334 pellit,

142 3339 304 3425 fugientes
322 3339 537 3422 persequitur,
555 3339 676 3404 multos
695 3339 859 3423 interficit,
878 3342 985 3402 castra
1002 3301 1147 3404 hostiuni

108 3428 239 3512 ecapit.
284 3427 344 3492 tali
372 3427 507 3492 consilio
535 3448 599 3492 uno
627 3431 774 3510 tempore
801 3431 835 3491 et
865 3426 1048 3509 proditores
1078 3448 1147 3510 per-

143 3516 223 3580 culit
242 3519 275 3582 et
293 3515 404 3580 hostes
424 3515 619 3599 profligavit,
642 3520 684 3596 et,
703 3515 788 3597 quod
808 3514 848 3579 ad
866 3514 1041 3598 perniciem
1056 3537 1144 3579 suum

444 3804 563 3864 A
