2596 3910
125 198 168 257 ao
232 269 234 274 ¹
405 191 465 245 xv.
484 186 755 243 arsuruouons.
786 193 809 241 1.
829 195 853 243 2.

400 370 475 444 XV.
503 369 859 446 EPAMINONDAS.

93 515 108 579 l
212 509 466 596 Epaminondas,
488 507 653 592 Polymnii
676 509 773 594 filius,
796 509 978 573 Thebanus.
1015 508 1054 572 de
1072 509 1137 573 hoc

125 601 317 687 priusquam
334 598 517 680 scribimus,
534 597 615 661 haec
629 597 857 681 praecipienda
870 597 1019 662 videntur
1037 597 1138 661 lecto·

125 691 225 774 ribus,
247 709 287 753 ne
307 687 430 751 alienos
448 706 555 749 mores
575 684 615 748 ad
634 706 710 749 suos
725 685 877 770 referant,
895 706 1035 769 nereca,
1053 706 1138 768 quae

125 778 206 862 ipsis
230 776 352 840 leviora
375 777 464 857 sunt,
491 773 563 856 pari
586 773 682 837 modo
707 773 792 856 apud
816 777 942 838 eeteros
965 772 1065 837 fuisse
1089 794 1139 837 ar-

91 881 107 930 u
126 867 297 931 bitrentur.
327 862 447 927 scimus
466 861 553 925 enim
571 861 717 926 musicen
729 862 854 926 nostris
868 861 1013 925 moribus
1024 863 1138 925 abesse

126 975 146 1017 a
168 950 324 1035 principis
346 970 495 1033 persona,
518 949 638 1013 saltare
661 970 738 1014 uero
762 949 862 1014 etiam
881 949 915 1013 in
933 949 1022 1013 vitiis
1043 950 1138 1033 poni:

127 1061 208 1125 quae
233 1038 342 1103 omnia
364 1037 450 1121 apud
474 1036 616 1102 Graecos
635 1042 669 1101 et
687 1041 783 1123 grata
801 1042 835 1101 et
852 1037 945 1102 laude
965 1037 1063 1123 digna
1084 1038 1139 1101 du·

92 1145 109 1194 3
128 1132 253 1194 cuntur.
285 1148 359 1192 cum
374 1130 483 1190 autem
502 1125 681 1209 exprimere
699 1126 877 1212 imaginem
896 1126 1139 1190 consuetudinis

128 1221 225 1300 atque
249 1215 337 1280 uitae
360 1214 496 1279 velimus
519 1213 779 1299 Epaminondae,
808 1213 890 1280 nihil
918 1213 1065 1279 videmur
1088 1215 1139 1278 de

127 1306 204 1370 bere
227 1303 504 1389 praetermittere,
528 1303 614 1386 quod
637 1303 801 1386 pertineat
823 1303 863 1367 ad
887 1324 957 1366 eam
977 1303 1140 1367 declaran-

94 1395 212 1458 sdam.
259 1414 358 1476 quare
382 1392 525 1456 dicemus
548 1391 691 1474 primum
714 1391 752 1455 de
776 1411 892 1475 genere
917 1390 1002 1473 eius,
1025 1391 1140 1455 deinde

130 1482 247 1566 quibus
275 1480 454 1563 disciplinis
483 1483 516 1543 ct
544 1500 564 1541 a
592 1479 709 1561 quibus
738 1478 782 1550 sit
810 1476 969 1557 eruditus,
1001 1481 1073 1541 turn
1102 1479 1142 1543 dc

129 1570 275 1633 moribus
298 1567 485 1652 ingeniique
508 1565 719 1628 facultatibus
743 1568 777 1627 et
800 1564 828 1627 si
852 1585 915 1646 qua
936 1564 1002 1627 alia
1020 1587 1142 1631 memo·

129 1658 179 1719 ria
205 1657 305 1738 digna
332 1656 440 1736 erunt,
471 1656 637 1735 postremo
667 1651 830 1716 derebus
859 1652 978 1737 gestis,
1011 1675 1093 1737 quae
1122 1677 1142 1719 a

129 1742 280 1827 plurimis
304 1740 404 1804 animi
428 1742 670 1822 anteponuntur
692 1739 879 1804 virtutibus.

96 1831 117 1896 2
218 1827 326 1892 Natus
349 1827 451 1912 igitur
473 1830 575 1910 patre,
598 1849 663 1910 quo
682 1827 831 1913 diximus,
854 1849 972 1914 genere
993 1829 1142 1916 honesto,

130 1937 253 2004 pauper
275 1917 342 1981 iam
365 1939 385 1980 a
407 1914 585 1980 maioribus
609 1916 742 1981 relictus
771 1922 828 2001 est,
858 1917 1003 1982 eruditus
1032 1923 1143 1983 autem

132 2008 179 2071 sic
201 2010 240 2070 ut
261 2027 356 2070 nemo
379 2004 552 2069 Thebanus
576 2004 691 2088 magis.
737 2027 813 2070 nam
837 2009 871 2069 et
894 2005 1085 2071 citharizare
1109 2011 1144 2071 et

133 2098 263 2160 eantare
292 2094 332 2158 ad
360 2093 552 2158 chordarum
580 2114 696 2156 sonum
719 2093 834 2158 doctus
858 2098 909 2157 est
932 2115 950 2158 a
973 2093 1143 2180 Dionysio,

133 2184 189 2267 qu'i
216 2205 282 2248 non
310 2182 433 2246 minore
462 2180 527 2245 fuit
548 2181 583 2244 in
606 2182 739 2246 musicis
763 2183 868 2267 gloria
893 2203 989 2264 quam
1013 2182 1143 2247 Damon

133 2275 191 2336 aut
213 2269 388 2353 Lamprus,
416 2291 552 2352 quorum
575 2269 768 2354 pervulgata
792 2274 869 2334 sunt
895 2270 1041 2353 nomina,
1070 2292 1143 2334 ean-

97 2364 204 2422 atare
228 2357 318 2421 tibiis
342 2356 383 2421 ab
404 2355 648 2441 Olympiodoro,
672 2357 791 2422 saltare
815 2380 834 2420 a
853 2355 1070 2440 Calliphrone.
1108 2363 1144 2422 at

133 2444 360 2529 philosophiae
383 2448 627 2527 praeceptorem
649 2444 765 2509 habuit
787 2444 901 2528 Lysim
921 2444 1144 2531 Tarentinum,

133 2532 390 2618 Pythagoreum:
427 2532 478 2596 cui
507 2532 638 2616 quidem
666 2534 711 2598 sic
740 2533 804 2598 fuit
831 2533 971 2618 deditus,
1004 2539 1043 2599 ut
1070 2535 1144 2599 adu-

134 2621 258 2685 lescens
282 2620 412 2684 tristem
433 2641 470 2684 ac
490 2641 637 2684 severum
656 2643 765 2686 senem
785 2622 935 2686 omnibus
954 2623 1144 2706 aequalibus

135 2709 202 2774 suis
226 2709 260 2774 in
282 2707 506 2772 familiaritate
544 2713 781 2794 anteposuerit3
810 2733 913 2794 neque
944 2714 1033 2794 prius
1071 2733 1145 2776 eum

136 2819 155 2862 a
179 2818 213 2862 se
237 2797 374 2880 dimisit,
399 2818 496 2880 quam
518 2797 553 2861 in
576 2797 732 2863 doctrinis
756 2801 850 2862 tanto
874 2803 1050 2863 antecessit
1073 2821 1145 2864 con-

135 2885 321 2970 disoipulos,
344 2889 382 2950 ut
400 2885 495 2950 facile
514 2885 662 2971 intellegi
681 2891 794 2970 posset
811 2887 882 2971 pari
901 2888 997 2952 modo
1017 2908 1145 2970 supera·

100 2987 115 3036 u
136 2977 247 3038 turum
263 2995 374 3038 omncs
389 2973 423 3038 in
438 2973 554 3038 ceteris
570 2975 704 3039 artibus.
738 2979 835 3059 atque
850 2973 930 3040 hacc
944 2975 984 3040 ad
998 2978 1146 3040 nostram

135 3062 403 3126 consuetudinem
427 3065 504 3126 sunt
526 3056 611 3126 levia
634 3067 668 3126 et
694 3063 805 3146 potius
834 3063 1082 3148 contemnenda3
1112 3066 1148 3126 at

100 3147 170 3211 cin
194 3146 344 3232 Graecia,
371 3150 485 3234 utique
513 3150 606 3234 olim,
636 3171 774 3236 magnae
801 3152 889 3215 laudi
914 3155 1014 3216 erant.
1060 3155 1148 3236 post·
1269 3149 1276 3164 ’

136 3255 234 3320 quam
262 3236 407 3320 ephebus
435 3242 486 3302 est
514 3237 620 3303 factus
649 3243 682 3303 et
711 3240 892 3323 palaestrae
916 3239 992 3304 dare
1016 3261 1148 3323 operam

135 3323 258 3408 coepit,
290 3345 357 3389 non
389 3329 458 3389 tam
487 3327 705 3412 magnitudini
733 3328 851 3392 virium
884 3327 1018 3392 servivit
1051 3349 1149 3412 quam

135 3411 317 3478 velocitati:
349 3411 441 3476 illam
465 3414 552 3478 enim
576 3415 615 3478 ad
640 3415 838 3480 athletarum
866 3438 975 3498 usum,
1001 3415 1086 3480 hanc
1110 3414 1149 3478 ad

100 3513 115 3556 o
137 3497 215 3564 belli
240 3499 451 3565 existimabat
476 3501 682 3584 [utilitatem]
713 3504 884 3588 pertinere.
929 3504 1040 3586 itaque
1064 3523 1148 3567 excr-

1010 3839 1288 3857 ,ΜΨ-’-
