2596 3910
161 229 203 294 68
452 226 537 283 nvn.
556 224 764 282 suasurus.
793 234 870 283 r-e.

161 377 195 438 et
213 371 331 438 Boeoti
350 373 513 456 ceterique
537 393 648 436 eorum
672 371 753 437 socii
772 372 857 456 opud
870 369 1064 438 Coroneam:
1089 395 1173 458 quos

126 477 143 525 c
163 482 275 527 omnes
295 461 388 546 gravi
404 459 529 544 proelio
548 459 635 524 vicit.
670 459 767 524 huius
786 459 940 526 victoriae
958 461 1010 525 uel
1028 462 1174 526 maxima

161 550 226 615 fuit
248 550 329 633 laus,
352 549 447 634 quod,
471 569 544 613 cum
566 547 712 631 plerique
735 569 775 612 ex
797 547 875 634 fuga
898 569 932 613 sc
954 548 989 612 in
1011 549 1174 632 templum

162 637 328 702 Minervae
346 637 566 702 coniecissent
589 639 861 719 quaerereturque
885 637 925 700 cb
949 657 1001 722 eo,
1029 637 1108 721 quid
1131 639 1173 704 iis

162 727 262 792 vellet
288 725 373 809 fieri,
401 725 463 790 etsi
486 724 613 807 aliquot
635 723 770 788 vulnera
793 728 962 808 acceperat
985 745 1023 789 eo
1045 726 1172 809 proelio
1288 785 1289 804 ,

163 819 197 879 et
219 815 322 878 iratus
345 813 516 878 videbatur
539 809 699 894 omnibus,
722 812 779 894 qui
802 812 955 878 adversus
979 834 1069 877 arma
1092 814 1174 878 tule-

9 949 10 954 η
163 905 251 985 runt,
282 905 392 964 tamen
420 899 575 964 antetulit
602 899 670 962 irae
702 899 895 984 religionem
923 904 956 964 et
984 922 1039 965 eos
1067 903 1173 967 vetuit

9 987 10 1046 i
128 988 287 1054 rviolari.
332 1009 436 1071 neque
464 1009 540 1051 vero
568 986 631 1051 hoc
658 987 765 1051 solum
792 987 827 1052 in
851 986 988 1065 Graecia
1010 989 1102 1073 fecit,
1134 994 1174 1054 ut

162 1076 287 1159 templa
309 1075 443 1141 deorum
466 1078 579 1140 sancta
604 1075 755 1159 haberet,
783 1075 840 1140 sed
866 1075 967 1140 etiam
990 1077 1075 1161 apud
1101 1078 1174 1143 bar·

163 1165 261 1229 beros
285 1186 412 1230 summa
434 1163 591 1250 religione
615 1162 724 1227 omnis
747 1162 921 1228 simulacra
943 1186 1080 1249 arasque
1100 1188 1173 1231 con·

9 1283 11 1344 ᾗ
129 1269 146 1318 8
165 1253 316 1318 serravit.
338 1253 449 1337 itaque
463 1252 672 1338 praedicabat
682 1251 794 1316 mirari
804 1271 848 1335 se,
862 1273 929 1316 non
939 1253 1172 1338 sacrilegorum

163 1364 299 1408 numero
317 1342 441 1426 haberi,
460 1341 516 1425 qui
536 1339 734 1426 supplicibus
754 1340 888 1405 deorum
900 1341 1097 1426 nocuissent,
1116 1348 1174 1410 aut

163 1452 230 1495 non
253 1430 458 1516 gravioribus
481 1428 594 1514 poenis
622 1427 721 1510 affici,
754 1427 809 1511 qui
837 1429 1030 1513 religionem
1053 1430 1173 1495 minue-

164 1523 247 1602 rent,
271 1541 369 1601 quum
392 1519 448 1601 qui
470 1517 547 1582 fana
570 1516 756 1599 spoliarent.

129 1605 150 1671 5
253 1605 335 1670 Post
352 1605 415 1670 hoc
428 1605 589 1689 proelium
603 1603 759 1668 collatum
773 1624 868 1668 omne
882 1604 1005 1670 bellum
1019 1610 1071 1670 est
1087 1607 1175 1672 circa

130 1691 359 1758 scorinthum
386 1693 522 1774 ideoque
550 1689 757 1756 Corinthium
785 1695 836 1757 est
864 1693 1074 1777 appellatum.
1118 1693 1174 1761 hic

164 1801 238 1846 cum
264 1801 329 1844 uns
356 1800 466 1866 pugna
493 1780 603 1844 decem
631 1778 722 1843 milia
744 1780 890 1846 hostium
913 1779 1069 1866 Agesilao
1092 1783 1173 1848 duce

164 1867 356 1934 cecidissent
374 1889 476 1951 eoque
499 1866 587 1933 facto
607 1888 684 1952 opes
708 1867 965 1934 adversariorum
983 1869 1173 1935 debilitatae

164 1956 359 2041 viderentur,
381 1959 512 2021 tantum
531 1955 613 2020 ausa
632 1955 673 2020 ab
692 1955 867 2022 insolentia
885 1957 1018 2042 gloriae,
1036 1962 1074 2024 ut
1088 1980 1174 2024 com-

165 2041 338 2112 miseratus
367 2045 411 2109 sit
437 2043 604 2109 fortunam
627 2041 795 2130 Graecias,
824 2044 911 2128 quod
938 2049 1007 2110 tsm
1034 2046 1175 2112 multia

166 2157 200 2199 se
223 2134 301 2200 victi
324 2133 405 2198 vitio
429 2132 687 2198 adversariorum
705 2132 934 2199 concidissent:
956 2154 1097 2218 namque
1115 2134 1175 2198 illa

166 2221 384 2305 multitudine,
407 2221 436 2285 si
459 2241 538 2285 sana
561 2242 652 2286 mens
675 2224 777 2305 esset,
801 2219 954 2285 Graeciae
977 2222 1174 2306 supplicium

131 2309 281 2375 sPersss
315 2310 390 2374 dare
421 2309 577 2393 potuisse.
626 2308 712 2372 idem
744 2329 818 2372 cum
850 2307 1051 2373 adversarios
1083 2311 1174 2376 intra

166 2397 294 2461 moenia
312 2396 524 2481 compulisset
542 2399 576 2460 et
593 2399 631 2460 nt
645 2394 839 2461 Corinthum
858 2400 1062 2481 oppugnaret
1075 2399 1173 2464 multi
1288 2463 1289 2466 ,

165 2485 385 2568 hortarentur,
402 2484 535 2571 negauit
553 2483 587 2548 id
605 2505 681 2548 susc
695 2483 811 2547 virtuti
825 2484 1008 2548 convenire:
1032 2506 1066 2550 se
1086 2486 1174 2552 enirn
1288 2519 1289 2534 π

166 2594 240 2638 eum
263 2594 333 2639 esse
358 2572 478 2657 [dixit],
501 2573 557 2656 qui
580 2571 620 2636 ad
643 2570 787 2637 officium
809 2575 980 2657 peccantes
999 2573 1103 2639 redire
1122 2597 1174 2640 oc·
1288 2595 1289 2608 ¹

166 2661 267 2778 geret,
290 2683 357 2727 non
375 2661 430 2745 qui
449 2661 545 2727 urbes
559 2659 780 2725 nobilissimas
795 2665 995 2748 expugnaret
1010 2660 1174 2728 Graeciae.
1288 2665 1289 2668 ’

130 2765 148 2814 4
181 2771 258 2815 nam
281 2750 325 2816 si'
349 2750 455 2834 inquit
478 2749 545 2814 ‘eos
568 2749 774 2836 exstinguere
797 2749 1007 2835 voluerimus,
1036 2752 1091 2834 qui
1118 2772 1175 2816 nc·

166 2838 293 2904 biscum
317 2839 468 2904 adversus
492 2838 649 2902 barbaros
672 2841 848 2921 steterunt,
874 2841 1004 2904 nosmet
1026 2838 1090 2922 ipsi
1112 2860 1174 2904 nos
1288 2899 1289 2906 ,

167 2927 458 3013 expugnaverimus
490 2925 556 2990 illis
590 2926 839 3009 quiescentibus.
886 2947 949 3007 quo
981 2924 1068 2989 facto
1102 2927 1175 2994 sine
1288 2937 1289 3016 f

165 3016 309 3100 negotio,
333 3038 406 3081 cum
429 3015 604 3096 voluerint,
627 3035 686 3079 nos
711 3013 915 3098 oppriment?

101 3131 109 3151 ·
131 3103 151 3166 6
255 3102 392 3168 Interim
420 3102 537 3170 accidit
564 3102 621 3166 illa
650 3101 820 3167 calamitas
843 3099 928 3186 apud
951 3099 1091 3167 Leuctra
1113 3100 1175 3167 La-

166 3189 391 3256 cedaemoniis.
430 3213 494 3275 quo
516 3212 557 3256 ne
580 3189 847 3274 proficisceretur,
871 3210 944 3255 cnm
967 3211 987 3254 s
1008 3189 1174 3274 plerisque

167 3278 207 3343 ad
235 3279 414 3345 exeundum
441 3279 676 3364 impelleretur,
705 3282 743 3343 ut
766 3278 794 3344 si
822 3278 860 3343 de
887 3277 978 3344 exitu
1004 3278 1175 3362 divinaret,

166 3368 320 3434 monuit
348 3371 533 3432 mutuum.
579 3367 677 3451 idem,
710 3388 783 3432 cum
812 3364 1055 3451 Epaminondas
1079 3365 1175 3451 Spur-

167 3461 236 3522 tum
259 3459 462 3542 oppugnaret
485 3459 634 3539 essetque
658 3455 727 3520 sine
750 3455 852 3520 muris
875 3455 1043 3540 oppidum,
1073 3455 1175 3520 telem

168 3566 203 3610 se
235 3545 465 3628 imperatorem
500 3543 667 3628 praebuit,
702 3546 741 3608 ut
773 3563 810 3608 eo
843 3547 989 3628 tempore
1022 3543 1174 3607 omnibus
