2598 3906
152 221 195 286 48
453 218 527 274 XIII.
546 217 764 273 TIMOTHEUS.
794 224 817 273 3.
837 226 895 272 4.·

153 365 303 450 suspicax
322 364 364 429 ob
383 384 518 446 eamque
541 383 610 427 rem
634 361 775 445 mobilis,
798 361 1009 446 adversarius,
1032 363 1162 429 invidus

153 451 288 540 (etenim
324 451 512 535 potentia
503 472 538 515 m
570 450 691 515 crimen
726 446 916 535 vocabatur)
950 450 1082 516 domum
1115 474 1163 517 re·

151 545 262 608 vocat:
292 543 445 605 accusant
446 561 484 604 ur
511 538 631 623 prodit
622 538 716 603 lonis.
761 537 823 602 boc
846 537 965 602 iudicio
988 539 1122 605 damnat
1107 544 1163 606 tur

151 628 342 694 Timotheus
360 626 512 712 lisque
485 649 553 691 erus
573 626 765 691 aestimatur
780 631 911 692 centum
929 627 1043 692 taient
1019 631 1071 693 ιιι.
1105 629 1161 694 ille

153 718 226 783 odio
250 719 398 803 ingratae
422 715 564 780 civitatis
588 718 720 779 exactus
744 713 932 779 Chalcidem
955 736 990 780 se
1012 717 1162 783 contulit.

116 806 138 870 4
241 805 346 870 Huius
361 806 591 888 postmortem
605 823 679 868 cum
692 803 850 886 populum
864 803 975 868 iudicii
990 805 1040 869 sui
1053 807 1162 888 paeni-

152 898 245 977 teret,
268 893 390 957 multae
413 911 529 956 novem
551 895 662 974 partes
686 891 829 956 detraxit
852 895 885 955 et
908 892 1018 957 decem
1037 894 1162 958 talenta

152 980 326 1064 Cononem,
349 980 453 1044 filium
476 979 559 1064 eius,
582 979 622 1043 ad
646 980 731 1044 muri
755 979 917 1062 quandam
940 984 1067 1064 partem
1089 983 1161 1046 refi-

151 1068 297 1134 ciendam
319 1068 416 1133 iussit
438 1067 523 1132 dare.
560 1067 595 1132 in
613 1089 677 1150 quo
696 1067 763 1132 fort
749 1071 846 1132 tunae
866 1067 1006 1134 varietas
1025 1073 1076 1134 est
1094 1071 1160 1136 ani-

151 1158 327 1222 madversa
363 1178 440 1222 nam
463 1177 545 1240 quos
569 1177 647 1221 avus
668 1153 808 1236 [Conon]
828 1177 939 1222 muros
959 1178 998 1220 ιι
1015 1157 1161 1223 hostium

151 1245 273 1348 praeda
292 1245 418 1348 patriae
441 1244 640 1330 restituerat,
664 1245 795 1310 eosdem
816 1266 918 1328 nepos
938 1266 1011 1310 cum
1034 1267 1161 1312 summa

151 1334 333 1420 ignominia
355 1333 498 1399 familiae
517 1355 556 1399 ex
575 1356 634 1399 sua
652 1355 686 1398 re
705 1333 859 1398 familiari
879 1333 1008 1398 reficere
1028 1338 1160 1400 coaetus

117 1427 210 1487 uest.
260 1422 425 1488 Timothei
459 1426 569 1486 autem
602 1422 749 1486 moderat
735 1425 788 1486 ιιι
820 1421 947 1502 sapient
948 1421 1107 1503 isquevr
1074 1423 1161 1490 vitae

152 1512 402 1611 completaque
424 1509 587 1593 possimus
610 1508 755 1592 proferre
778 1507 854 1571 test
845 1507 981 1590 ιιιιοιιιι,
1012 1531 1076 1573 uno
1102 1512 1161 1575 eri-

152 1620 223 1662 mus
248 1598 402 1680 contenti,
426 1596 512 1680 quod
535 1618 574 1659 ex
597 1617 635 1659 eo
658 1595 754 1659 facile
778 1594 881 1660 conici
905 1595 1037 1682 poterit,
1061 1619 1160 1682 quam

18 1757 25 1766 ,
152 1706 244 1750 carus
264 1685 331 1748 suis
350 1683 457 1748 fuerit.
495 1704 568 1746 cum
586 1681 613 1745 A
618 1681 726 1746 thenis
746 1682 1007 1749 adulescentulus
1027 1707 1161 1752 causam

150 1773 284 1856 diceret,
306 1792 373 1836 non
396 1769 501 1834 solum
525 1769 620 1834 amici
618 1770 736 1922 tpriva
736 1770 826 1854 tique
848 1770 996 1855 hospites
1021 1775 1061 1838 ad
1085 1797 1161 1841 eum

150 1859 384 1925 defendendum
415 1861 650 1943 convenerunt,
687 1859 743 1924 sed
775 1859 916 1924 etiam
906 1881 941 1925 ιιι
973 1861 1019 1926 ιιι
1052 1861 1160 1950 Iason,

150 1954 309 2033 tyrannus
336 1945 536 2031 Thessaliae,
569 1946 625 2030 qui
656 1947 758 2012 illot
744 1951 891 2049 tempore
920 1947 985 2014 fuit
1013 1951 1181 2017 omnium

116 2051 131 2102 3
150 2037 407 2123 potentissimus
448 2034 502 2100 bic
526 2056 599 2100 cum
622 2035 657 2100 in
679 2036 787 2120 patria
810 2036 879 2102 sine
903 2038 1100 2104 satellitibus
1124 2063 1158 2106 se

151 2131 261 2192 tutum
287 2148 353 2191 non
380 2123 595 2190 arbitraretur
599 2123 783 2208 ,Athenas
812 2125 881 2190 sine
904 2126 972 2191 ullo
995 2128 1158 2210 praesidio

150 2215 329 2280 venittan
288 2213 420 2296 antique
451 2211 617 2295 hospitem
648 2211 739 2296 fecit,
771 2216 809 2276 ut
836 2213 950 2276 mallet
977 2234 1011 2278 ss
1040 2217 1158 2299 capitis

149 2302 328 2387 periculum
356 2300 443 2365 adire
471 2322 569 2383 quam
596 2298 768 2364 Timotheo
798 2299 835 2364 de
869 2299 956 2364 fama
988 2300 1158 2368 dimicanti

150 2391 268 2455 deesse
300 2389 386 2454 hunc
405 2387 557 2453 adversus
577 2392 687 2452 tamen
700 2386 891 2451 Timotheus
910 2391 1026 2470 postea
1043 2393 1160 2474 populi

149 2478 241 2543 iussu
259 2477 382 2542 bellum
401 2476 518 2562 gessit:
541 2475 666 2560 patriae
684 2476 765 2540 enim
784 2475 976 2540 sanctiora
968 2498 1039 2542 rura
1059 2500 1157 2562 quam

148 2565 284 2650 hospitii
308 2586 379 2630 esse
402 2565 502 2629 duxit

114 2669 131 2719 l
236 2652 404 2720 Haeot
349 2657 404 2718 ext
405 2675 495 2718 rema
521 2651 584 2717 fuit
569 2651 733 2716 tactas
724 2656 864 2735 1mperat
865 2674 958 2717 orum
981 2652 1156 2719 Athenien-

150 2744 235 2809 sium
235 2741 409 2829 ,lphiorat
400 2763 428 2806 rs
429 2740 616 2826 ,Chabriae
630 2739 795 2805 Timothei
795 2762 921 2824 ,neque
935 2746 1012 2825 post
1026 2741 1156 2808 illorum

151 2833 221 2899 obit
206 2836 278 2898 tum
297 2831 468 2916 quisquam
486 2830 576 2896 dux'
568 2851 602 2894 ιιι
615 2829 673 2894 illa
686 2829 766 2893 urbe
780 2827 844 2894 fuit
858 2829 975 2914 dignus
990 2831 1154 2896 memoria

114 2935 130 2984 ι
238 2919 344 2986 Venio
375 2940 461 2984 nuno
493 2917 533 2982 ad
569 2917 786 2982 fortissimum
819 2917 924 2982 virum
960 2917 1155 3001 maximique

150 3009 277 3074 consilii
301 3008 445 3074 omnium
467 3006 690 3089 barbarorum,
713 3006 855 3089 exceptis
874 3005 999 3070 duobus
1017 3003 1100 3069 Κιιι
1101 3006 1156 3070 ιιι-

113 3113 129 3162 u
148 3097 360 3182 giniensibus,
378 3095 564 3162 Hamilcare
579 3097 613 3158 et
625 3091 819 3158 Hannibale.
853 3093 892 3158 de
907 3115 970 3177 quo
984 3093 1046 3158 hoo
1061 3093 1156 3179 plura

149 3184 339 3269 referemus,
368 3184 454 3268 quod
477 3187 510 3248 ιι
495 3180 722 3248 tobscuriora
746 3186 823 3246 sunt
846 3181 915 3246 eius
938 3186 1033 3268 gesta
1054 3182 1156 3266 plera·

150 3295 211 3358 que
236 3277 269 3337 et
293 3295 343 3356 ea,
367 3293 449 3356 quae
471 3291 625 3356 prospere
648 3270 679 3334 ei
702 3273 885 3355 cesserunt,
906 3291 973 3334 non
996 3271 1156 3355 magnitu-

150 3362 223 3428 dine
238 3360 413 3446 copiarum,
437 3360 493 3425 sed
511 3358 647 3442 consilii,
668 3379 732 3442 quo
752 3362 822 3423 tum
842 3319 953 3423 crimes
973 3359 1157 3442 superabat,

150 3451 347 3517 acciderunt:
372 3469 509 3532 quorum
531 3447 596 3513 nisi
619 3445 704 3511 ratio
724 3447 865 3531 explicat
866 3467 885 3510 a
850 3445 1011 3530 tfuerit,
988 3450 1086 3512 tres
1104 3469 1156 3528 ap·

149 3561 262 3624 parere
285 3559 351 3604 non
371 3540 535 3621 poterunt

553 3658 759 3674 ἰι-...ΜΟ
