<?xml version="1.0" encoding="UTF-8"?>
<!DOCTYPE html PUBLIC "-//W3C//DTD XHTML 1.0 Transitional//EN"
    "http://www.w3.org/TR/xhtml1/DTD/xhtml1-transitional.dtd">
<html xmlns="http://www.w3.org/1999/xhtml" xml:lang="en" lang="en">
 <head>
  <title>
</title>
<meta http-equiv="Content-Type" content="text/html;charset=utf-8" />
  <meta name='ocr-system' content='tesseract 3.04.00' />
  <meta name='ocr-capabilities' content='ocr_page ocr_carea ocr_par ocr_line ocrx_word'/>
</head>
<body>
  <div class='ocr_page' id='page_1' title='image "./corneliinepotis21nepogoog_0077.png"; bbox 0 0 2596 3910; ppageno 0'>
   <div class='ocr_carea' id='block_1_1' title="bbox 169 245 873 315">
    <p class='ocr_par' dir='ltr' id='par_1_1' title="bbox 169 245 873 315">
     <span class='ocr_line' id='line_1_1' title="bbox 169 245 873 315; baseline -0.023 1"><span class='ocrx_word' id='word_1_1' title='bbox 169 251 211 315; x_wconf 88' lang='grc'><strong>66</strong></span> <span class='ocrx_word' id='word_1_2' title='bbox 397 252 398 256; x_wconf 71' lang='grc'>’</span> <span class='ocrx_word' id='word_1_3' title='bbox 460 247 547 303; x_wconf 86' lang='lat' dir='ltr'><strong>XVII.</strong></span> <span class='ocrx_word' id='word_1_4' title='bbox 565 245 775 303; x_wconf 72' lang='lat' dir='ltr'><strong>sessuros</strong></span> <span class='ocrx_word' id='word_1_5' title='bbox 803 255 828 302; x_wconf 76' lang='lat'><strong>2.</strong></span> <span class='ocrx_word' id='word_1_6' title='bbox 848 253 873 300; x_wconf 78' lang='grc' dir='ltr'><strong>ὃ.</strong></span> 
     </span>
    </p>
   </div>
   <div class='ocr_carea' id='block_1_2' title="bbox 45 391 1181 1708">
    <p class='ocr_par' dir='ltr' id='par_1_2' title="bbox 45 391 1181 1708">
     <span class='ocr_line' id='line_1_2' title="bbox 132 391 1180 477; baseline -0.006 -17"><span class='ocrx_word' id='word_1_7' title='bbox 132 395 153 460; x_wconf 86' lang='grc'>2</span> <span class='ocrx_word' id='word_1_8' title='bbox 256 393 320 459; x_wconf 90' lang='lat' dir='ltr'><strong>Hic</strong></span> <span class='ocrx_word' id='word_1_9' title='bbox 356 393 552 477; x_wconf 72' lang='lat' dir='ltr'><strong>simulatque</strong></span> <span class='ocrx_word' id='word_1_10' title='bbox 589 392 718 476; x_wconf 90' lang='lat' dir='ltr'><strong>imperii</strong></span> <span class='ocrx_word' id='word_1_11' title='bbox 754 392 880 476; x_wconf 91' lang='lat' dir='ltr'><strong>potitus</strong></span> <span class='ocrx_word' id='word_1_12' title='bbox 912 395 979 476; x_wconf 90' lang='lat' dir='ltr'><strong>est,</strong></span> <span class='ocrx_word' id='word_1_13' title='bbox 1014 391 1180 474; x_wconf 73' lang='lat' dir='ltr'><strong>persuasit</strong></span> 
     </span>
     <span class='ocr_line' id='line_1_3' title="bbox 45 476 1180 562; baseline -0.005 -14"><span class='ocrx_word' id='word_1_14' title='bbox 45 551 49 562; x_wconf 68' lang='grc'><strong>,</strong></span> <span class='ocrx_word' id='word_1_15' title='bbox 168 481 432 548; x_wconf 79' lang='lat' dir='ltr'><strong>Lacedaemoniis</strong></span> <span class='ocrx_word' id='word_1_16' title='bbox 455 485 493 546; x_wconf 89' lang='lat' dir='ltr'><strong>ut</strong></span> <span class='ocrx_word' id='word_1_17' title='bbox 515 500 585 545; x_wconf 84' lang='lat' dir='ltr'><strong>cum</strong></span> <span class='ocrx_word' id='word_1_18' title='bbox 607 480 752 544; x_wconf 84' lang='lat' dir='ltr'><strong>exercitu</strong></span> <span class='ocrx_word' id='word_1_19' title='bbox 772 501 806 544; x_wconf 91' lang='lat' dir='ltr'><strong>se</strong></span> <span class='ocrx_word' id='word_1_20' title='bbox 825 479 996 544; x_wconf 72' lang='lat' dir='ltr'><strong>mitterent</strong></span> <span class='ocrx_word' id='word_1_21' title='bbox 1013 478 1048 542; x_wconf 95' lang='lat' dir='ltr'><strong>in</strong></span> <span class='ocrx_word' id='word_1_22' title='bbox 1061 476 1180 543; x_wconf 85' lang='lat' dir='ltr'><strong>Asiam</strong></span> 
     </span>
     <span class='ocr_line' id='line_1_4' title="bbox 168 565 1180 655; baseline -0.006 -19"><span class='ocrx_word' id='word_1_23' title='bbox 168 571 355 654; x_wconf 86' lang='lat' dir='ltr'><strong>bellumque</strong></span> <span class='ocrx_word' id='word_1_24' title='bbox 383 569 453 655; x_wconf 86' lang='lat' dir='ltr'><strong>regi</strong></span> <span class='ocrx_word' id='word_1_25' title='bbox 480 567 638 652; x_wconf 85' lang='lat' dir='ltr'><strong>fecerent,</strong></span> <span class='ocrx_word' id='word_1_26' title='bbox 667 567 786 632; x_wconf 91' lang='lat' dir='ltr'><strong>docens</strong></span> <span class='ocrx_word' id='word_1_27' title='bbox 814 567 917 632; x_wconf 88' lang='lat' dir='ltr'><strong>satius</strong></span> <span class='ocrx_word' id='word_1_28' title='bbox 946 587 1017 631; x_wconf 88' lang='lat' dir='ltr'><strong>esse</strong></span> <span class='ocrx_word' id='word_1_29' title='bbox 1039 566 1075 630; x_wconf 93' lang='lat' dir='ltr'><strong>in</strong></span> <span class='ocrx_word' id='word_1_30' title='bbox 1098 565 1180 631; x_wconf 84' lang='lat' dir='ltr'><strong>Asia</strong></span> 
     </span>
     <span class='ocr_line' id='line_1_5' title="bbox 169 652 1181 743; baseline -0.007 -19"><span class='ocrx_word' id='word_1_31' title='bbox 169 681 267 743; x_wconf 88' lang='lat' dir='ltr'><strong>quarn</strong></span> <span class='ocrx_word' id='word_1_32' title='bbox 285 659 320 722; x_wconf 94' lang='lat' dir='ltr'><strong>in</strong></span> <span class='ocrx_word' id='word_1_33' title='bbox 333 656 467 741; x_wconf 80' lang='lat' dir='ltr'><strong>Europa</strong></span> <span class='ocrx_word' id='word_1_34' title='bbox 484 655 638 721; x_wconf 88' lang='lat' dir='ltr'><strong>dimicari.</strong></span> <span class='ocrx_word' id='word_1_35' title='bbox 672 676 812 739; x_wconf 89' lang='lat' dir='ltr'><strong>namque</strong></span> <span class='ocrx_word' id='word_1_36' title='bbox 835 654 923 720; x_wconf 89' lang='lat' dir='ltr'><strong>fama</strong></span> <span class='ocrx_word' id='word_1_37' title='bbox 946 654 1069 718; x_wconf 87' lang='lat' dir='ltr'><strong>exierat</strong></span> <span class='ocrx_word' id='word_1_38' title='bbox 1083 652 1181 718; x_wconf 82' lang='lat' dir='ltr'><strong>Arta-</strong></span> 
     </span>
     <span class='ocr_line' id='line_1_6' title="bbox 169 741 1180 829; baseline -0.006 -17"><span class='ocrx_word' id='word_1_39' title='bbox 169 769 289 812; x_wconf 84' lang='lat' dir='ltr'><strong>xerxen</strong></span> <span class='ocrx_word' id='word_1_40' title='bbox 311 766 498 829; x_wconf 86' lang='lat' dir='ltr'><strong>comparare</strong></span> <span class='ocrx_word' id='word_1_41' title='bbox 522 744 641 808; x_wconf 85' lang='lat' dir='ltr'><strong>classes</strong></span> <span class='ocrx_word' id='word_1_42' title='bbox 659 743 889 828; x_wconf 86' lang='lat' dir='ltr'><strong>pedestresque</strong></span> <span class='ocrx_word' id='word_1_43' title='bbox 908 741 1078 826; x_wconf 87' lang='lat' dir='ltr'><strong>exercitus,</strong></span> <span class='ocrx_word' id='word_1_44' title='bbox 1097 763 1180 825; x_wconf 90' lang='lat' dir='ltr'><strong>quos</strong></span> 
     </span>
     <span class='ocr_line' id='line_1_7' title="bbox 134 829 1180 915; baseline -0.004 -17"><span class='ocrx_word' id='word_1_45' title='bbox 134 834 394 900; x_wconf 65' lang='lat' dir='ltr'><strong>cineraceam</strong></span> <span class='ocrx_word' id='word_1_46' title='bbox 417 833 572 896; x_wconf 87' lang='lat' dir='ltr'><strong>mitteret.</strong></span> <span class='ocrx_word' id='word_1_47' title='bbox 607 831 685 896; x_wconf 89' lang='lat' dir='ltr'><strong>data</strong></span> <span class='ocrx_word' id='word_1_48' title='bbox 706 835 872 915; x_wconf 86' lang='lat' dir='ltr'><strong>potestate</strong></span> <span class='ocrx_word' id='word_1_49' title='bbox 895 835 989 896; x_wconf 88' lang='lat' dir='ltr'><strong>tanta</strong></span> <span class='ocrx_word' id='word_1_50' title='bbox 1012 829 1180 894; x_wconf 88' lang='lat' dir='ltr'><strong>celeritate</strong></span> 
     </span>
     <span class='ocr_line' id='line_1_8' title="bbox 121 918 1181 1006; baseline -0.006 -18"><span class='ocrx_word' id='word_1_51' title='bbox 121 919 123 924; x_wconf 72' lang='grc'><strong>’</strong></span> <span class='ocrx_word' id='word_1_52' title='bbox 169 944 247 988; x_wconf 88' lang='lat' dir='ltr'><strong>usus</strong></span> <span class='ocrx_word' id='word_1_53' title='bbox 276 925 340 1006; x_wconf 92' lang='lat' dir='ltr'><strong>est,</strong></span> <span class='ocrx_word' id='word_1_54' title='bbox 372 925 410 986; x_wconf 91' lang='lat' dir='ltr'><strong>ut</strong></span> <span class='ocrx_word' id='word_1_55' title='bbox 438 920 529 1004; x_wconf 89' lang='lat' dir='ltr'><strong>prius</strong></span> <span class='ocrx_word' id='word_1_56' title='bbox 556 920 591 984; x_wconf 95' lang='lat' dir='ltr'><strong>in</strong></span> <span class='ocrx_word' id='word_1_57' title='bbox 613 919 728 984; x_wconf 85' lang='lat' dir='ltr'><strong>Asiam</strong></span> <span class='ocrx_word' id='word_1_58' title='bbox 756 941 829 984; x_wconf 92' lang='lat' dir='ltr'><strong>cum</strong></span> <span class='ocrx_word' id='word_1_59' title='bbox 856 918 959 1003; x_wconf 89' lang='lat' dir='ltr'><strong>copiis</strong></span> <span class='ocrx_word' id='word_1_60' title='bbox 987 918 1181 1002; x_wconf 88' lang='lat' dir='ltr'><strong>pervenerit,</strong></span> 
     </span>
     <span class='ocr_line' id='line_1_9' title="bbox 170 1005 1181 1095; baseline -0.005 -20"><span class='ocrx_word' id='word_1_61' title='bbox 170 1031 268 1094; x_wconf 90' lang='lat' dir='ltr'><strong>quam</strong></span> <span class='ocrx_word' id='word_1_62' title='bbox 282 1009 365 1095; x_wconf 89' lang='lat' dir='ltr'><strong>regii</strong></span> <span class='ocrx_word' id='word_1_63' title='bbox 378 1012 528 1092; x_wconf 87' lang='lat' dir='ltr'><strong>satrapae</strong></span> <span class='ocrx_word' id='word_1_64' title='bbox 542 1029 616 1072; x_wconf 91' lang='lat' dir='ltr'><strong>eum</strong></span> <span class='ocrx_word' id='word_1_65' title='bbox 630 1007 751 1072; x_wconf 91' lang='lat' dir='ltr'><strong>scirent</strong></span> <span class='ocrx_word' id='word_1_66' title='bbox 764 1006 957 1091; x_wconf 89' lang='lat' dir='ltr'><strong>profectum.</strong></span> <span class='ocrx_word' id='word_1_67' title='bbox 976 1027 1041 1089; x_wconf 93' lang='lat' dir='ltr'><strong>quo</strong></span> <span class='ocrx_word' id='word_1_68' title='bbox 1055 1005 1181 1071; x_wconf 89' lang='lat' dir='ltr'><strong>factum</strong></span> 
     </span>
     <span class='ocr_line' id='line_1_10' title="bbox 134 1093 1180 1181; baseline -0.005 -19"><span class='ocrx_word' id='word_1_69' title='bbox 134 1113 150 1162; x_wconf 85' lang='lat' dir='ltr'><strong>s</strong></span> <span class='ocrx_word' id='word_1_70' title='bbox 169 1102 221 1162; x_wconf 84' lang='lat' dir='ltr'><strong>est</strong></span> <span class='ocrx_word' id='word_1_71' title='bbox 242 1102 281 1162; x_wconf 86' lang='lat' dir='ltr'><strong>ut</strong></span> <span class='ocrx_word' id='word_1_72' title='bbox 299 1119 411 1162; x_wconf 90' lang='lat' dir='ltr'><strong>omnes</strong></span> <span class='ocrx_word' id='word_1_73' title='bbox 429 1097 608 1181; x_wconf 89' lang='lat' dir='ltr'><strong>imparatos</strong></span> <span class='ocrx_word' id='word_1_74' title='bbox 626 1094 911 1180; x_wconf 84' lang='lat' dir='ltr'><strong>imprudentesque</strong></span> <span class='ocrx_word' id='word_1_75' title='bbox 930 1093 1116 1159; x_wconf 90' lang='lat' dir='ltr'><strong>offenderet.</strong></span> <span class='ocrx_word' id='word_1_76' title='bbox 1146 1094 1180 1158; x_wconf 95' lang='lat' dir='ltr'><strong>id</strong></span> 
     </span>
     <span class='ocr_line' id='line_1_11' title="bbox 169 1182 1180 1272; baseline -0.005 -20"><span class='ocrx_word' id='word_1_77' title='bbox 169 1190 207 1252; x_wconf 92' lang='lat' dir='ltr'><strong>ut</strong></span> <span class='ocrx_word' id='word_1_78' title='bbox 226 1185 380 1272; x_wconf 82' lang='lat' dir='ltr'><strong>cognovit</strong></span> <span class='ocrx_word' id='word_1_79' title='bbox 395 1184 638 1269; x_wconf 89' lang='lat' dir='ltr'><strong>Tissaphernes,</strong></span> <span class='ocrx_word' id='word_1_80' title='bbox 661 1184 717 1267; x_wconf 89' lang='lat' dir='ltr'><strong>qui</strong></span> <span class='ocrx_word' id='word_1_81' title='bbox 736 1205 899 1249; x_wconf 89' lang='lat' dir='ltr'><strong>summum</strong></span> <span class='ocrx_word' id='word_1_82' title='bbox 916 1182 1090 1266; x_wconf 88' lang='lat' dir='ltr'><strong>imperium</strong></span> <span class='ocrx_word' id='word_1_83' title='bbox 1108 1185 1180 1248; x_wconf 86' lang='lat' dir='ltr'><strong>turn</strong></span> 
     </span>
     <span class='ocr_line' id='line_1_12' title="bbox 170 1269 1180 1359; baseline -0.006 -19"><span class='ocrx_word' id='word_1_84' title='bbox 170 1275 255 1340; x_wconf 89' lang='lat' dir='ltr'><strong>inter</strong></span> <span class='ocrx_word' id='word_1_85' title='bbox 277 1273 459 1359; x_wconf 88' lang='lat' dir='ltr'><strong>praefectos</strong></span> <span class='ocrx_word' id='word_1_86' title='bbox 482 1272 627 1337; x_wconf 91' lang='lat' dir='ltr'><strong>habebat</strong></span> <span class='ocrx_word' id='word_1_87' title='bbox 649 1273 766 1358; x_wconf 85' lang='lat' dir='ltr'><strong>regios,</strong></span> <span class='ocrx_word' id='word_1_88' title='bbox 788 1271 930 1336; x_wconf 82' lang='lat' dir='ltr'><strong>indutias</strong></span> <span class='ocrx_word' id='word_1_89' title='bbox 950 1269 1110 1336; x_wconf 88' lang='lat' dir='ltr'><strong>aLacone</strong></span> <span class='ocrx_word' id='word_1_90' title='bbox 1126 1291 1180 1354; x_wconf 91' lang='lat' dir='ltr'><strong>pe·</strong></span> 
     </span>
     <span class='ocr_line' id='line_1_13' title="bbox 171 1358 1180 1448; baseline -0.005 -21"><span class='ocrx_word' id='word_1_91' title='bbox 171 1363 257 1448; x_wconf 90' lang='lat' dir='ltr'><strong>tivit,</strong></span> <span class='ocrx_word' id='word_1_92' title='bbox 281 1362 438 1428; x_wconf 82' lang='lat' dir='ltr'><strong>simulans</strong></span> <span class='ocrx_word' id='word_1_93' title='bbox 458 1383 492 1426; x_wconf 92' lang='lat' dir='ltr'><strong>se</strong></span> <span class='ocrx_word' id='word_1_94' title='bbox 511 1361 587 1425; x_wconf 87' lang='lat' dir='ltr'><strong>dare</strong></span> <span class='ocrx_word' id='word_1_95' title='bbox 606 1381 748 1444; x_wconf 88' lang='lat' dir='ltr'><strong>operam,</strong></span> <span class='ocrx_word' id='word_1_96' title='bbox 770 1363 808 1426; x_wconf 92' lang='lat' dir='ltr'><strong>ut</strong></span> <span class='ocrx_word' id='word_1_97' title='bbox 821 1358 1086 1426; x_wconf 86' lang='lat' dir='ltr'><strong>Lacedaemoniis</strong></span> <span class='ocrx_word' id='word_1_98' title='bbox 1106 1379 1180 1423; x_wconf 90' lang='lat' dir='ltr'><strong>cum</strong></span> 
     </span>
     <span class='ocr_line' id='line_1_14' title="bbox 171 1445 1181 1537; baseline -0.007 -20"><span class='ocrx_word' id='word_1_99' title='bbox 171 1472 247 1537; x_wconf 89' lang='lat' dir='ltr'><strong>rege</strong></span> <span class='ocrx_word' id='word_1_100' title='bbox 266 1451 462 1535; x_wconf 83' lang='lat' dir='ltr'><strong>conveniret,</strong></span> <span class='ocrx_word' id='word_1_101' title='bbox 481 1470 515 1513; x_wconf 88' lang='lat' dir='ltr'><strong>re</strong></span> <span class='ocrx_word' id='word_1_102' title='bbox 535 1453 644 1513; x_wconf 89' lang='lat' dir='ltr'><strong>autem</strong></span> <span class='ocrx_word' id='word_1_103' title='bbox 658 1470 734 1513; x_wconf 86' lang='lat' dir='ltr'><strong>vera</strong></span> <span class='ocrx_word' id='word_1_104' title='bbox 752 1448 793 1512; x_wconf 92' lang='lat' dir='ltr'><strong>ad</strong></span> <span class='ocrx_word' id='word_1_105' title='bbox 811 1448 921 1532; x_wconf 88' lang='lat' dir='ltr'><strong>copias</strong></span> <span class='ocrx_word' id='word_1_106' title='bbox 937 1445 1181 1531; x_wconf 89' lang='lat' dir='ltr'><strong>comparandas,</strong></span> 
     </span>
     <span class='ocr_line' id='line_1_15' title="bbox 51 1535 1181 1622; baseline -0.004 -20"><span class='ocrx_word' id='word_1_107' title='bbox 51 1543 53 1548; x_wconf 84' lang='lat'>&#39;</span> <span class='ocrx_word' id='word_1_108' title='bbox 136 1553 290 1622; x_wconf 73' lang='lat' dir='ltr'><strong>reasque</strong></span> <span class='ocrx_word' id='word_1_109' title='bbox 313 1537 502 1622; x_wconf 84' lang='lat' dir='ltr'><strong>impetravit</strong></span> <span class='ocrx_word' id='word_1_110' title='bbox 525 1536 738 1601; x_wconf 88' lang='lat' dir='ltr'><strong>trimenstres.</strong></span> <span class='ocrx_word' id='word_1_111' title='bbox 771 1535 892 1600; x_wconf 82' lang='lat' dir='ltr'><strong>iuravit</strong></span> <span class='ocrx_word' id='word_1_112' title='bbox 911 1540 1021 1600; x_wconf 89' lang='lat' dir='ltr'><strong>autem</strong></span> <span class='ocrx_word' id='word_1_113' title='bbox 1043 1538 1181 1618; x_wconf 91' lang='lat' dir='ltr'><strong>uterquc</strong></span> 
     </span>
     <span class='ocr_line' id='line_1_16' title="bbox 171 1621 1180 1708; baseline -0.005 -17"><span class='ocrx_word' id='word_1_114' title='bbox 171 1648 206 1691; x_wconf 89' lang='lat' dir='ltr'><strong>se</strong></span> <span class='ocrx_word' id='word_1_115' title='bbox 229 1627 299 1690; x_wconf 88' lang='lat' dir='ltr'><strong>sine</strong></span> <span class='ocrx_word' id='word_1_116' title='bbox 322 1626 396 1689; x_wconf 90' lang='lat' dir='ltr'><strong>dolo</strong></span> <span class='ocrx_word' id='word_1_117' title='bbox 420 1623 562 1688; x_wconf 89' lang='lat' dir='ltr'><strong>indutias</strong></span> <span class='ocrx_word' id='word_1_118' title='bbox 582 1627 857 1688; x_wconf 84' lang='lat' dir='ltr'><strong>conservaturum.</strong></span> <span class='ocrx_word' id='word_1_119' title='bbox 893 1624 929 1688; x_wconf 90' lang='lat' dir='ltr'><strong>in</strong></span> <span class='ocrx_word' id='word_1_120' title='bbox 947 1645 1012 1708; x_wconf 87' lang='lat' dir='ltr'><strong>qua</strong></span> <span class='ocrx_word' id='word_1_121' title='bbox 1029 1621 1180 1707; x_wconf 85' lang='lat' dir='ltr'><strong>pactione</strong></span> 
     </span>
    </p>
   </div>
   <div class='ocr_carea' id='block_1_3' title="bbox 171 1709 1286 1796">
    <p class='ocr_par' dir='ltr' id='par_1_3' title="bbox 171 1709 1286 1796">
     <span class='ocr_line' id='line_1_17' title="bbox 171 1709 1286 1796; baseline -0.003 -19"><span class='ocrx_word' id='word_1_122' title='bbox 171 1734 298 1777; x_wconf 90' lang='lat' dir='ltr'><strong>summa</strong></span> <span class='ocrx_word' id='word_1_123' title='bbox 320 1712 382 1776; x_wconf 89' lang='lat' dir='ltr'><strong>fide</strong></span> <span class='ocrx_word' id='word_1_124' title='bbox 405 1711 527 1775; x_wconf 90' lang='lat' dir='ltr'><strong>mansit</strong></span> <span class='ocrx_word' id='word_1_125' title='bbox 545 1709 733 1796; x_wconf 84' lang='lat' dir='ltr'><strong>Agesilaus,</strong></span> <span class='ocrx_word' id='word_1_126' title='bbox 755 1716 870 1777; x_wconf 89' lang='lat' dir='ltr'><strong>contra</strong></span> <span class='ocrx_word' id='word_1_127' title='bbox 892 1734 930 1777; x_wconf 89' lang='lat' dir='ltr'><strong>ea</strong></span> <span class='ocrx_word' id='word_1_128' title='bbox 946 1711 1180 1795; x_wconf 81' lang='lat' dir='ltr'><strong>Tissaphernes</strong></span> <span class='ocrx_word' id='word_1_129' title='bbox 1285 1755 1286 1762; x_wconf 21' lang='grc' dir='ltr'><strong>κ</strong></span> 
     </span>
    </p>
   </div>
   <div class='ocr_carea' id='block_1_4' title="bbox 136 1797 1182 1883">
    <p class='ocr_par' dir='ltr' id='par_1_4' title="bbox 136 1797 1182 1883">
     <span class='ocr_line' id='line_1_18' title="bbox 136 1797 1182 1883; baseline 0.001 -21"><span class='ocrx_word' id='word_1_130' title='bbox 136 1799 253 1866; x_wconf 74' lang='lat' dir='ltr'><strong>anihil</strong></span> <span class='ocrx_word' id='word_1_131' title='bbox 276 1799 364 1864; x_wconf 90' lang='lat' dir='ltr'><strong>aliud</strong></span> <span class='ocrx_word' id='word_1_132' title='bbox 383 1820 481 1882; x_wconf 89' lang='lat' dir='ltr'><strong>quam</strong></span> <span class='ocrx_word' id='word_1_133' title='bbox 501 1797 624 1864; x_wconf 91' lang='lat' dir='ltr'><strong>bellum</strong></span> <span class='ocrx_word' id='word_1_134' title='bbox 639 1800 847 1883; x_wconf 85' lang='lat' dir='ltr'><strong>comparavit.</strong></span> <span class='ocrx_word' id='word_1_135' title='bbox 883 1799 917 1864; x_wconf 95' lang='lat' dir='ltr'><strong>id</strong></span> <span class='ocrx_word' id='word_1_136' title='bbox 936 1800 999 1864; x_wconf 89' lang='lat' dir='ltr'><strong>etsi</strong></span> <span class='ocrx_word' id='word_1_137' title='bbox 1019 1798 1182 1864; x_wconf 85' lang='lat' dir='ltr'><strong>sentiebat</strong></span> 
     </span>
    </p>
   </div>
   <div class='ocr_carea' id='block_1_5' title="bbox 170 1886 1286 1972">
    <p class='ocr_par' dir='ltr' id='par_1_5' title="bbox 170 1886 1286 1972">
     <span class='ocr_line' id='line_1_19' title="bbox 170 1886 1286 1972; baseline 0 -20"><span class='ocrx_word' id='word_1_138' title='bbox 170 1886 272 1972; x_wconf 85' lang='lat' dir='ltr'><strong>Laco,</strong></span> <span class='ocrx_word' id='word_1_139' title='bbox 300 1891 412 1952; x_wconf 86' lang='lat' dir='ltr'><strong>tamen</strong></span> <span class='ocrx_word' id='word_1_140' title='bbox 438 1886 661 1952; x_wconf 89' lang='lat' dir='ltr'><strong>iusiurandum</strong></span> <span class='ocrx_word' id='word_1_141' title='bbox 684 1888 836 1952; x_wconf 84' lang='lat' dir='ltr'><strong>servabat</strong></span> <span class='ocrx_word' id='word_1_142' title='bbox 858 1886 1061 1971; x_wconf 87' lang='lat' dir='ltr'><strong>multumque</strong></span> <span class='ocrx_word' id='word_1_143' title='bbox 1084 1886 1120 1951; x_wconf 93' lang='lat' dir='ltr'><strong>in</strong></span> <span class='ocrx_word' id='word_1_144' title='bbox 1142 1908 1180 1952; x_wconf 91' lang='lat' dir='ltr'><strong>eo</strong></span> <span class='ocrx_word' id='word_1_145' title='bbox 1285 1889 1286 1892; x_wconf 71' lang='grc'>’</span> 
     </span>
    </p>
   </div>
   <div class='ocr_carea' id='block_1_6' title="bbox 135 1974 1181 3645">
    <p class='ocr_par' dir='ltr' id='par_1_6' title="bbox 135 1974 1181 3645">
     <span class='ocr_line' id='line_1_20' title="bbox 172 1974 1181 2060; baseline -0.002 -18"><span class='ocrx_word' id='word_1_146' title='bbox 172 1998 206 2042; x_wconf 89' lang='lat' dir='ltr'><strong>se</strong></span> <span class='ocrx_word' id='word_1_147' title='bbox 230 1976 384 2060; x_wconf 90' lang='lat' dir='ltr'><strong>consequi</strong></span> <span class='ocrx_word' id='word_1_148' title='bbox 411 1975 554 2059; x_wconf 89' lang='lat' dir='ltr'><strong>dicebat,</strong></span> <span class='ocrx_word' id='word_1_149' title='bbox 582 1975 668 2059; x_wconf 91' lang='lat' dir='ltr'><strong>quod</strong></span> <span class='ocrx_word' id='word_1_150' title='bbox 690 1974 923 2059; x_wconf 79' lang='lat' dir='ltr'><strong>Tissaphernes</strong></span> <span class='ocrx_word' id='word_1_151' title='bbox 950 1975 1092 2060; x_wconf 90' lang='lat' dir='ltr'><strong>periurio</strong></span> <span class='ocrx_word' id='word_1_152' title='bbox 1121 1995 1181 2040; x_wconf 87' lang='lat' dir='ltr'><strong>suo</strong></span> 
     </span>
     <span class='ocr_line' id='line_1_21' title="bbox 171 2063 1180 2130; baseline -0.002 -1"><span class='ocrx_word' id='word_1_153' title='bbox 171 2069 205 2130; x_wconf 90' lang='lat' dir='ltr'><strong>et</strong></span> <span class='ocrx_word' id='word_1_154' title='bbox 226 2065 375 2130; x_wconf 92' lang='lat' dir='ltr'><strong>homines</strong></span> <span class='ocrx_word' id='word_1_155' title='bbox 399 2063 466 2129; x_wconf 89' lang='lat' dir='ltr'><strong>suis</strong></span> <span class='ocrx_word' id='word_1_156' title='bbox 490 2064 586 2129; x_wconf 91' lang='lat' dir='ltr'><strong>rebus</strong></span> <span class='ocrx_word' id='word_1_157' title='bbox 611 2063 810 2129; x_wconf 87' lang='lat' dir='ltr'><strong>abalienaret</strong></span> <span class='ocrx_word' id='word_1_158' title='bbox 833 2068 867 2128; x_wconf 92' lang='lat' dir='ltr'><strong>et</strong></span> <span class='ocrx_word' id='word_1_159' title='bbox 889 2063 966 2128; x_wconf 90' lang='lat' dir='ltr'><strong>deos</strong></span> <span class='ocrx_word' id='word_1_160' title='bbox 990 2063 1054 2128; x_wconf 92' lang='lat' dir='ltr'><strong>sibi</strong></span> <span class='ocrx_word' id='word_1_161' title='bbox 1076 2063 1180 2128; x_wconf 85' lang='lat' dir='ltr'><strong>iratos</strong></span> 
     </span>
     <span class='ocr_line' id='line_1_22' title="bbox 172 2151 1181 2238; baseline -0.003 -20"><span class='ocrx_word' id='word_1_162' title='bbox 172 2153 335 2237; x_wconf 89' lang='lat' dir='ltr'><strong>redderet,</strong></span> <span class='ocrx_word' id='word_1_163' title='bbox 367 2174 402 2217; x_wconf 89' lang='lat' dir='ltr'><strong>se</strong></span> <span class='ocrx_word' id='word_1_164' title='bbox 434 2156 544 2217; x_wconf 87' lang='lat' dir='ltr'><strong>autern</strong></span> <span class='ocrx_word' id='word_1_165' title='bbox 576 2156 767 2217; x_wconf 83' lang='lat' dir='ltr'><strong>conservata</strong></span> <span class='ocrx_word' id='word_1_166' title='bbox 798 2152 955 2238; x_wconf 83' lang='lat' dir='ltr'><strong>religione</strong></span> <span class='ocrx_word' id='word_1_167' title='bbox 989 2151 1181 2216; x_wconf 90' lang='lat' dir='ltr'><strong>confirmare</strong></span> 
     </span>
     <span class='ocr_line' id='line_1_23' title="bbox 172 2238 1181 2324; baseline -0.004 -18"><span class='ocrx_word' id='word_1_168' title='bbox 172 2242 364 2324; x_wconf 87' lang='lat' dir='ltr'><strong>exercitum,</strong></span> <span class='ocrx_word' id='word_1_169' title='bbox 396 2261 470 2306; x_wconf 92' lang='lat' dir='ltr'><strong>cum</strong></span> <span class='ocrx_word' id='word_1_170' title='bbox 502 2239 774 2305; x_wconf 84' lang='lat' dir='ltr'><strong>animadverteret</strong></span> <span class='ocrx_word' id='word_1_171' title='bbox 804 2240 900 2303; x_wconf 90' lang='lat' dir='ltr'><strong>deum</strong></span> <span class='ocrx_word' id='word_1_172' title='bbox 927 2259 1048 2303; x_wconf 91' lang='lat' dir='ltr'><strong>numen</strong></span> <span class='ocrx_word' id='word_1_173' title='bbox 1074 2238 1181 2304; x_wconf 88' lang='lat' dir='ltr'><strong>facere</strong></span> 
     </span>
     <span class='ocr_line' id='line_1_24' title="bbox 172 2325 1181 2412; baseline -0.002 -19"><span class='ocrx_word' id='word_1_174' title='bbox 172 2350 291 2412; x_wconf 91' lang='lat' dir='ltr'><strong>secum,</strong></span> <span class='ocrx_word' id='word_1_175' title='bbox 313 2328 526 2410; x_wconf 90' lang='lat' dir='ltr'><strong>hominesque</strong></span> <span class='ocrx_word' id='word_1_176' title='bbox 549 2327 614 2390; x_wconf 89' lang='lat' dir='ltr'><strong>sibi</strong></span> <span class='ocrx_word' id='word_1_177' title='bbox 637 2327 808 2392; x_wconf 89' lang='lat' dir='ltr'><strong>conciliare</strong></span> <span class='ocrx_word' id='word_1_178' title='bbox 832 2326 1011 2409; x_wconf 88' lang='lat' dir='ltr'><strong>amiciores,</strong></span> <span class='ocrx_word' id='word_1_179' title='bbox 1034 2325 1120 2407; x_wconf 92' lang='lat' dir='ltr'><strong>quod</strong></span> <span class='ocrx_word' id='word_1_180' title='bbox 1138 2327 1181 2391; x_wconf 91' lang='lat' dir='ltr'><strong>iis</strong></span> 
     </span>
     <span class='ocr_line' id='line_1_25' title="bbox 172 2410 1181 2497; baseline 0 -17"><span class='ocrx_word' id='word_1_181' title='bbox 172 2417 302 2480; x_wconf 88' lang='lat' dir='ltr'><strong>studere</strong></span> <span class='ocrx_word' id='word_1_182' title='bbox 330 2417 555 2497; x_wconf 85' lang='lat' dir='ltr'><strong>consuessent,</strong></span> <span class='ocrx_word' id='word_1_183' title='bbox 583 2435 664 2496; x_wconf 87' lang='lat' dir='ltr'><strong>quos</strong></span> <span class='ocrx_word' id='word_1_184' title='bbox 692 2434 882 2478; x_wconf 84' lang='lat' dir='ltr'><strong>conservare</strong></span> <span class='ocrx_word' id='word_1_185' title='bbox 905 2412 1001 2477; x_wconf 91' lang='lat' dir='ltr'><strong>fidem</strong></span> <span class='ocrx_word' id='word_1_186' title='bbox 1024 2410 1181 2480; x_wconf 83' lang='lat' dir='ltr'><strong>viderent.</strong></span> 
     </span>
     <span class='ocr_line' id='line_1_26' title="bbox 135 2500 1181 2585; baseline 0.002 -19"><span class='ocrx_word' id='word_1_187' title='bbox 135 2501 156 2566; x_wconf 87' lang='lat'>3</span> <span class='ocrx_word' id='word_1_188' title='bbox 258 2501 440 2584; x_wconf 91' lang='lat' dir='ltr'><strong>Postquam</strong></span> <span class='ocrx_word' id='word_1_189' title='bbox 472 2501 672 2565; x_wconf 90' lang='lat' dir='ltr'><strong>indutiarum</strong></span> <span class='ocrx_word' id='word_1_190' title='bbox 703 2501 873 2585; x_wconf 86' lang='lat' dir='ltr'><strong>praeteriit</strong></span> <span class='ocrx_word' id='word_1_191' title='bbox 904 2500 988 2585; x_wconf 93' lang='lat' dir='ltr'><strong>dies,</strong></span> <span class='ocrx_word' id='word_1_192' title='bbox 1019 2500 1181 2568; x_wconf 87' lang='lat' dir='ltr'><strong>barbarus</strong></span> 
     </span>
     <span class='ocr_line' id='line_1_27' title="bbox 170 2588 1181 2674; baseline 0.001 -20"><span class='ocrx_word' id='word_1_193' title='bbox 170 2610 237 2655; x_wconf 92' lang='lat' dir='ltr'><strong>non</strong></span> <span class='ocrx_word' id='word_1_194' title='bbox 258 2588 421 2673; x_wconf 89' lang='lat' dir='ltr'><strong>dubitans,</strong></span> <span class='ocrx_word' id='word_1_195' title='bbox 445 2588 532 2672; x_wconf 91' lang='lat' dir='ltr'><strong>quod</strong></span> <span class='ocrx_word' id='word_1_196' title='bbox 554 2588 656 2674; x_wconf 89' lang='lat' dir='ltr'><strong>ipsius</strong></span> <span class='ocrx_word' id='word_1_197' title='bbox 681 2593 773 2654; x_wconf 89' lang='lat' dir='ltr'><strong>erant</strong></span> <span class='ocrx_word' id='word_1_198' title='bbox 795 2589 937 2674; x_wconf 89' lang='lat' dir='ltr'><strong>plurima</strong></span> <span class='ocrx_word' id='word_1_199' title='bbox 959 2588 1124 2654; x_wconf 85' lang='lat' dir='ltr'><strong>domicilia</strong></span> <span class='ocrx_word' id='word_1_200' title='bbox 1145 2591 1181 2655; x_wconf 93' lang='lat' dir='ltr'><strong>in</strong></span> 
     </span>
     <span class='ocr_line' id='line_1_28' title="bbox 171 2676 1181 2764; baseline 0 -20"><span class='ocrx_word' id='word_1_201' title='bbox 171 2677 268 2745; x_wconf 76' lang='lat' dir='ltr'><strong>Caria</strong></span> <span class='ocrx_word' id='word_1_202' title='bbox 290 2681 324 2742; x_wconf 86' lang='lat' dir='ltr'><strong>et</strong></span> <span class='ocrx_word' id='word_1_203' title='bbox 346 2699 384 2742; x_wconf 89' lang='lat' dir='ltr'><strong>ea</strong></span> <span class='ocrx_word' id='word_1_204' title='bbox 406 2676 496 2764; x_wconf 85' lang='lat' dir='ltr'><strong>regio</strong></span> <span class='ocrx_word' id='word_1_205' title='bbox 520 2676 561 2742; x_wconf 93' lang='lat' dir='ltr'><strong>iis</strong></span> <span class='ocrx_word' id='word_1_206' title='bbox 584 2677 786 2761; x_wconf 89' lang='lat' dir='ltr'><strong>temporibus</strong></span> <span class='ocrx_word' id='word_1_207' title='bbox 810 2677 914 2744; x_wconf 89' lang='lat' dir='ltr'><strong>multo</strong></span> <span class='ocrx_word' id='word_1_208' title='bbox 937 2677 1116 2762; x_wconf 88' lang='lat' dir='ltr'><strong>putabatur</strong></span> <span class='ocrx_word' id='word_1_209' title='bbox 1134 2679 1181 2744; x_wconf 94' lang='lat' dir='ltr'><strong>lo-</strong></span> 
     </span>
     <span class='ocr_line' id='line_1_29' title="bbox 171 2765 1180 2852; baseline -0.002 -19"><span class='ocrx_word' id='word_1_210' title='bbox 171 2766 404 2852; x_wconf 90' lang='lat' dir='ltr'><strong>cupletissima,</strong></span> <span class='ocrx_word' id='word_1_211' title='bbox 426 2787 464 2830; x_wconf 90' lang='lat' dir='ltr'><strong>eo</strong></span> <span class='ocrx_word' id='word_1_212' title='bbox 487 2765 696 2850; x_wconf 88' lang='lat' dir='ltr'><strong>potissimum</strong></span> <span class='ocrx_word' id='word_1_213' title='bbox 717 2765 830 2832; x_wconf 91' lang='lat' dir='ltr'><strong>hostes</strong></span> <span class='ocrx_word' id='word_1_214' title='bbox 849 2767 1008 2851; x_wconf 92' lang='lat' dir='ltr'><strong>impetum</strong></span> <span class='ocrx_word' id='word_1_215' title='bbox 1026 2765 1180 2851; x_wconf 88' lang='lat' dir='ltr'><strong>facturos,</strong></span> 
     </span>
     <span class='ocr_line' id='line_1_30' title="bbox 136 2854 1180 2940; baseline -0.001 -21"><span class='ocrx_word' id='word_1_216' title='bbox 136 2871 284 2922; x_wconf 78' lang='lat' dir='ltr'><strong>somnes</strong></span> <span class='ocrx_word' id='word_1_217' title='bbox 317 2876 392 2920; x_wconf 88' lang='lat' dir='ltr'><strong>suas</strong></span> <span class='ocrx_word' id='word_1_218' title='bbox 420 2854 530 2937; x_wconf 89' lang='lat' dir='ltr'><strong>copias</strong></span> <span class='ocrx_word' id='word_1_219' title='bbox 558 2876 596 2920; x_wconf 88' lang='lat' dir='ltr'><strong>eo</strong></span> <span class='ocrx_word' id='word_1_220' title='bbox 624 2858 839 2920; x_wconf 88' lang='lat' dir='ltr'><strong>contraxerat.</strong></span> <span class='ocrx_word' id='word_1_221' title='bbox 884 2859 920 2919; x_wconf 88' lang='lat' dir='ltr'><strong>at</strong></span> <span class='ocrx_word' id='word_1_222' title='bbox 945 2854 1117 2940; x_wconf 83' lang='lat' dir='ltr'><strong>Agesilaus</strong></span> <span class='ocrx_word' id='word_1_223' title='bbox 1145 2855 1180 2918; x_wconf 92' lang='lat' dir='ltr'><strong>in</strong></span> 
     </span>
     <span class='ocr_line' id='line_1_31' title="bbox 172 2943 1180 3030; baseline -0.003 -21"><span class='ocrx_word' id='word_1_224' title='bbox 172 2943 350 3030; x_wconf 86' lang='lat' dir='ltr'><strong>Phrygiam</strong></span> <span class='ocrx_word' id='word_1_225' title='bbox 373 2964 407 3008; x_wconf 91' lang='lat' dir='ltr'><strong>se</strong></span> <span class='ocrx_word' id='word_1_226' title='bbox 431 2943 592 3008; x_wconf 80' lang='lat' dir='ltr'><strong>convertit</strong></span> <span class='ocrx_word' id='word_1_227' title='bbox 614 2963 750 3026; x_wconf 89' lang='lat' dir='ltr'><strong>eamque</strong></span> <span class='ocrx_word' id='word_1_228' title='bbox 772 2943 863 3028; x_wconf 90' lang='lat' dir='ltr'><strong>prius</strong></span> <span class='ocrx_word' id='word_1_229' title='bbox 886 2943 1101 3028; x_wconf 89' lang='lat' dir='ltr'><strong>depopulatus</strong></span> <span class='ocrx_word' id='word_1_230' title='bbox 1119 2947 1180 3027; x_wconf 91' lang='lat' dir='ltr'><strong>est,</strong></span> 
     </span>
     <span class='ocr_line' id='line_1_32' title="bbox 172 3030 1180 3117; baseline -0.002 -21"><span class='ocrx_word' id='word_1_231' title='bbox 172 3053 270 3114; x_wconf 89' lang='lat' dir='ltr'><strong>quam</strong></span> <span class='ocrx_word' id='word_1_232' title='bbox 284 3031 517 3116; x_wconf 82' lang='lat' dir='ltr'><strong>Tissaphernes</strong></span> <span class='ocrx_word' id='word_1_233' title='bbox 536 3052 675 3115; x_wconf 92' lang='lat' dir='ltr'><strong>usquam</strong></span> <span class='ocrx_word' id='word_1_234' title='bbox 688 3051 722 3094; x_wconf 87' lang='lat' dir='ltr'><strong>se</strong></span> <span class='ocrx_word' id='word_1_235' title='bbox 737 3034 890 3096; x_wconf 81' lang='lat' dir='ltr'><strong>moveret.</strong></span> <span class='ocrx_word' id='word_1_236' title='bbox 922 3052 1041 3117; x_wconf 89' lang='lat' dir='ltr'><strong>magna</strong></span> <span class='ocrx_word' id='word_1_237' title='bbox 1059 3030 1180 3115; x_wconf 86' lang='lat' dir='ltr'><strong>praeda</strong></span> 
     </span>
     <span class='ocr_line' id='line_1_33' title="bbox 171 3118 1179 3203; baseline 0.003 -22"><span class='ocrx_word' id='word_1_238' title='bbox 171 3119 332 3183; x_wconf 89' lang='lat' dir='ltr'><strong>militibus</strong></span> <span class='ocrx_word' id='word_1_239' title='bbox 364 3119 574 3203; x_wconf 89' lang='lat' dir='ltr'><strong>locupletatis</strong></span> <span class='ocrx_word' id='word_1_240' title='bbox 600 3118 768 3202; x_wconf 82' lang='lat' dir='ltr'><strong>Ephesum</strong></span> <span class='ocrx_word' id='word_1_241' title='bbox 794 3119 975 3184; x_wconf 88' lang='lat' dir='ltr'><strong>hiematum</strong></span> <span class='ocrx_word' id='word_1_242' title='bbox 1002 3119 1179 3184; x_wconf 86' lang='lat' dir='ltr'><strong>exercitum</strong></span> 
     </span>
     <span class='ocr_line' id='line_1_34' title="bbox 171 3205 1180 3294; baseline 0.001 -24"><span class='ocrx_word' id='word_1_243' title='bbox 171 3205 299 3270; x_wconf 85' lang='lat' dir='ltr'><strong>reduxit</strong></span> <span class='ocrx_word' id='word_1_244' title='bbox 322 3211 421 3290; x_wconf 89' lang='lat' dir='ltr'><strong>atque</strong></span> <span class='ocrx_word' id='word_1_245' title='bbox 444 3207 491 3271; x_wconf 89' lang='lat' dir='ltr'><strong>ibi</strong></span> <span class='ocrx_word' id='word_1_246' title='bbox 514 3205 653 3272; x_wconf 88' lang='lat' dir='ltr'><strong>officinis</strong></span> <span class='ocrx_word' id='word_1_247' title='bbox 677 3228 842 3272; x_wconf 89' lang='lat' dir='ltr'><strong>armorum</strong></span> <span class='ocrx_word' id='word_1_248' title='bbox 871 3206 1033 3272; x_wconf 88' lang='lat' dir='ltr'><strong>institutis</strong></span> <span class='ocrx_word' id='word_1_249' title='bbox 1061 3229 1180 3294; x_wconf 87' lang='lat' dir='ltr'><strong>magna</strong></span> 
     </span>
     <span class='ocr_line' id='line_1_35' title="bbox 171 3293 1180 3379; baseline 0.002 -21"><span class='ocrx_word' id='word_1_250' title='bbox 171 3293 332 3358; x_wconf 89' lang='lat' dir='ltr'><strong>industria</strong></span> <span class='ocrx_word' id='word_1_251' title='bbox 360 3294 484 3358; x_wconf 89' lang='lat' dir='ltr'><strong>bellum</strong></span> <span class='ocrx_word' id='word_1_252' title='bbox 508 3295 685 3379; x_wconf 82' lang='lat' dir='ltr'><strong>apparavit.</strong></span> <span class='ocrx_word' id='word_1_253' title='bbox 731 3299 765 3359; x_wconf 87' lang='lat' dir='ltr'><strong>ct</strong></span> <span class='ocrx_word' id='word_1_254' title='bbox 788 3316 851 3378; x_wconf 90' lang='lat' dir='ltr'><strong>quo</strong></span> <span class='ocrx_word' id='word_1_255' title='bbox 875 3294 1053 3360; x_wconf 90' lang='lat' dir='ltr'><strong>studiosius</strong></span> <span class='ocrx_word' id='word_1_256' title='bbox 1077 3317 1180 3360; x_wconf 87' lang='lat' dir='ltr'><strong>arma·</strong></span> 
     </span>
     <span class='ocr_line' id='line_1_36' title="bbox 170 3380 1179 3467; baseline -0.001 -19"><span class='ocrx_word' id='word_1_257' title='bbox 170 3385 282 3448; x_wconf 88' lang='lat' dir='ltr'><strong>rentur</strong></span> <span class='ocrx_word' id='word_1_258' title='bbox 317 3380 542 3466; x_wconf 88' lang='lat' dir='ltr'><strong>insigniusque</strong></span> <span class='ocrx_word' id='word_1_259' title='bbox 574 3386 785 3467; x_wconf 88' lang='lat' dir='ltr'><strong>ornarentur,</strong></span> <span class='ocrx_word' id='word_1_260' title='bbox 820 3383 964 3466; x_wconf 88' lang='lat' dir='ltr'><strong>praemia</strong></span> <span class='ocrx_word' id='word_1_261' title='bbox 998 3383 1179 3467; x_wconf 91' lang='lat' dir='ltr'><strong>proposuit,</strong></span> 
     </span>
     <span class='ocr_line' id='line_1_37' title="bbox 172 3469 1180 3557; baseline -0.001 -22"><span class='ocrx_word' id='word_1_262' title='bbox 172 3470 289 3556; x_wconf 88' lang='lat' dir='ltr'><strong>quibus</strong></span> <span class='ocrx_word' id='word_1_263' title='bbox 316 3469 526 3554; x_wconf 87' lang='lat' dir='ltr'><strong>donarentur,</strong></span> <span class='ocrx_word' id='word_1_264' title='bbox 556 3492 694 3554; x_wconf 91' lang='lat' dir='ltr'><strong>quorum</strong></span> <span class='ocrx_word' id='word_1_265' title='bbox 721 3471 852 3557; x_wconf 86' lang='lat' dir='ltr'><strong>egregia</strong></span> <span class='ocrx_word' id='word_1_266' title='bbox 879 3472 913 3535; x_wconf 93' lang='lat' dir='ltr'><strong>in</strong></span> <span class='ocrx_word' id='word_1_267' title='bbox 936 3491 974 3534; x_wconf 89' lang='lat' dir='ltr'><strong>ea</strong></span> <span class='ocrx_word' id='word_1_268' title='bbox 1000 3491 1035 3535; x_wconf 88' lang='lat' dir='ltr'><strong>re</strong></span> <span class='ocrx_word' id='word_1_269' title='bbox 1061 3469 1180 3535; x_wconf 77' lang='lat' dir='ltr'><strong>brisset</strong></span> 
     </span>
     <span class='ocr_line' id='line_1_38' title="bbox 135 3556 1179 3645; baseline -0.002 -22"><span class='ocrx_word' id='word_1_270' title='bbox 135 3558 340 3624; x_wconf 82' lang='lat' dir='ltr'><strong>sindustria.</strong></span> <span class='ocrx_word' id='word_1_271' title='bbox 375 3556 454 3623; x_wconf 88' lang='lat' dir='ltr'><strong>fecit</strong></span> <span class='ocrx_word' id='word_1_272' title='bbox 471 3557 558 3622; x_wconf 86' lang='lat' dir='ltr'><strong>idem</strong></span> <span class='ocrx_word' id='word_1_273' title='bbox 580 3558 616 3622; x_wconf 93' lang='lat' dir='ltr'><strong>in</strong></span> <span class='ocrx_word' id='word_1_274' title='bbox 638 3559 907 3624; x_wconf 89' lang='lat' dir='ltr'><strong>exercitationum</strong></span> <span class='ocrx_word' id='word_1_275' title='bbox 929 3557 1110 3645; x_wconf 81' lang='lat' dir='ltr'><strong>generibus,</strong></span> <span class='ocrx_word' id='word_1_276' title='bbox 1132 3563 1179 3642; x_wconf 89' lang='lat' dir='ltr'><strong>ut,</strong></span> 
     </span>
    </p>
   </div>
   <div class='ocr_carea' id='block_1_7' title="bbox 0 0 1303 3910">
    <p class='ocr_par' dir='ltr' id='par_1_7' title="bbox 0 0 1303 3910">
     <span class='ocr_line' id='line_1_39' title="bbox 0 0 1303 3910; baseline 0 0"><span class='ocrx_word' id='word_1_277' title='bbox 0 0 1303 3910; x_wconf 95' lang='lat' dir='ltr'><strong> </strong></span> 
     </span>
    </p>
   </div>
  </div>
 </body>
</html>
