2598 3906
420 185 453 239 ΙΙ.
473 183 754 240 THEMISTOCLES.
783 193 807 239 6.
828 192 851 240 7.
1102 185 1142 248 11

132 331 203 396 sibi
230 353 303 396 cum
330 331 372 395 iis
400 333 565 395 certamen
591 328 669 394 fore.
716 349 814 412 quare
845 350 900 394 eos
931 351 1029 412 quam
1058 329 1179 394 infir-4

135 419 301 484 missimus
330 439 400 483 esse
427 417 589 482 volebant.
634 420 809 500 postquam
837 421 947 482 cutem
974 417 1148 490 audierunt

134 528 247 571 muros
275 507 372 590 strui,
399 506 527 592 legatos
555 504 702 570 Athenas
730 505 902 589 miserunt,
931 506 987 588 qui
1014 505 1047 570 id
1073 505 1145 570 fieri

135 598 292 660 vetarent.
337 594 390 658 his
417 593 643 678 praesentibus
671 593 837 658 desierunt
864 615 902 658 11
930 614 964 657 11
987 592 1026 657 de
1050 613 1089 657 11
1110 614 1145 656 re

135 681 264 768 legatos
292 682 333 747 ad
360 703 416 746 eos
444 681 600 747 missuros
631 681 789 746 dixerunt.
834 682 919 746 hanc
948 680 1180 767 legationemo

135 771 281 854 suscepit
307 769 544 834 Themistocles
572 773 606 834 et
634 769 731 835 solur
751 768 857 854 primo
887 768 1053 853 profectus
1082 772 1145 833 est:

135 858 253 942 reliqui
276 859 379 943 legati
401 861 440 922 ut
462 861 534 922 tum
561 858 699 942 exirent,
727 879 800 922 eum
827 857 908 922 satis
937 857 997 922 alti
1024 857 1144 921 tuendo

135 947 221 1010 muri
249 945 407 1011 exstructi
430 945 628 1030 viderentur,
657 945 836 1029 praecepit:
867 945 1000 1012 interim
1023 965 1145 1028 omnes,

136 1034 222 1098 servi
246 1037 344 1117 atque
367 1033 478 1118 liberi,
501 1055 582 1118 opus
605 1033 750 1098 facerent
772 1055 876 1118 neque
899 1033 959 1098 ulli
981 1034 1054 1098 loco
1073 1055 1145 1116 par·

133 1125 256 1204 cerent,
279 1121 346 1186 sive
369 1143 460 1187 sacer
483 1122 550 1186 sive
572 1122 719 1206 privatus
738 1125 825 1186 esset
843 1122 910 1186 sive
928 1122 1088 1205 publicus,
1112 1125 1145 1185 11

134 1208 287 1292 undique,
310 1209 396 1292 quod
418 1209 570 1273 idoneum
593 1210 634 1272 ad
656 1209 864 1274 muniendum
886 1213 1050 1294 putarent,
1072 1230 1145 1274 con·

133 1300 293 1383 gererent.
340 1317 404 1379 quo
431 1295 555 1360 factum
583 1300 634 1360 est
660 1301 698 1360 ut
720 1295 970 1361 Atheniensium
998 1297 1083 1362 muri
1106 1318 1145 1360 ex

135 1384 265 1450 sacellis
289 1383 510 1468 sepulcrisque
534 1387 729 1449 constarent.

223 1471 460 1538 Themistocles
474 1475 593 1557 autem,
607 1476 645 1537 ut
654 1471 930 1538 Lacedaemonem
943 1472 1041 1556 venit,
1056 1471 1145 1536 adire
1165 1470 1182 1532 1

132 1561 176 1625 ad
199 1561 411 1662 magistratus
433 1561 542 1626 noluit
564 1565 598 1625 et
620 1561 709 1626 dedit
694 1564 873 1662 toperam,
895 1564 934 1626 ut
957 1582 1055 1646 quam
1077 1561 1145 1625 lon·

134 1649 269 1734 gissime
292 1653 423 1734 tempus
445 1649 586 1732 duceret,
609 1671 740 1715 causam
762 1649 972 1734 interponens
996 1671 1031 1715 se
1050 1649 1144 1714 colle-

134 1759 193 1822 gas
217 1741 412 1822 exspectare
458 1758 532 1802 cum
554 1699 802 1804 Lacedaemonii
825 1741 1038 1821 quererentur
1061 1757 1143 1822 opus
1162 1747 1178 1797 2

132 1823 237 1889 nihilo
260 1825 367 1890 minus
390 1825 461 1890 fieri
484 1846 621 1909 eumque
643 1827 679 1891 in
701 1848 739 1891 ea
761 1846 796 1890 re
820 1827 930 1891 conari
953 1825 1107 1909 fallere,
1097 1846 1144 1889 ιιι-

133 1912 233 1976 terim
262 1913 380 1995 reliqui
408 1913 510 1996 legati
541 1917 618 1978 sunt
647 1913 822 1980 consecuti.
868 1936 888 1976 a
917 1913 1037 1996 quibus
1070 1934 1144 1978 eum

130 1999 280 2064 audisset
296 2020 363 2062 non
382 1999 522 2062 multum
540 2020 708 2083 superesse
726 2001 927 2082 munitionis,
945 2001 986 2064 ad
1005 2001 1143 2082 ephoros

134 2086 466 2152 Lacedaemoniorum
489 2087 636 2171 accessit,
657 2108 756 2170 penes
781 2107 862 2168 quos
887 2107 1051 2150 summum
1074 2091 1145 2149 erat

131 2173 930 2348 1111111111ῑέ111111111
943 2172 1144 2346 lilith

133 2353 264 2417 mittere
289 2352 421 2436 [quibus
440 2351 520 2417 fides
538 2351 738 2436 haberetur],
762 2351 905 2436 quirem
924 2351 1143 2436 explorarent:

133 2441 258 2506 interea
277 2462 311 2505 se
330 2439 476 2506 obsidem
494 2440 680 2505 retinerent.
710 2443 822 2525 gestus
842 2443 894 2504 est
912 2439 942 2503 ei
961 2461 1042 2523 mos,
1064 2443 1144 2503 tres·
1162 2451 1178 2498 3

131 2549 195 2612 que
226 2528 328 2614 legati
359 2527 464 2592 fimcti
496 2528 631 2592 summis
663 2528 842 2592 honoribus
869 2527 1018 2592 Athenas
1050 2527 1143 2591 missi

131 2620 219 2680 sunt.
254 2637 328 2680 cum
350 2616 404 2680 his
427 2616 569 2700 collegas
593 2637 669 2680 suos
692 2615 928 2680 Themistocles
951 2615 1049 2679 iussit
1070 2636 1143 2698 pro·

132 2702 279 2768 ficirei'
257 2723 362 2784 nsque
385 2703 555 2785 praedixit,
577 2707 677 2766 utne
699 2703 790 2785 prius
813 2700 1142 2767 Lacedaemoniorum

132 2792 277 2878 legat
225 2812 262 2856 11
292 2789 497 2854 dimitterent
525 2810 623 2888 quam
654 2790 745 2872 ipse
752 2793 839 2853 esset
870 2789 1036 2853 remissus.
1081 2789 1178 2852 1ιο14

132 2883 208 2964 post
210 2900 307 2963 quam
321 2877 469 2942 Athenas
487 2877 672 2961 pervenisse
686 2879 737 2940 rat
738 2897 776 2942 us
791 2880 851 2960 est,
870 2875 911 2940 ad
928 2876 1142 2960 magistratus

133 2972 345 3050 senatumque
364 2964 694 3031 Lacedaemoniorum
713 2964 794 3029 adiit
812 2926 851 3029 11
865 2963 951 3048 apud
969 2984 1024 3028 eos
1047 2963 1143 3028 liber-

132 3057 213 3120 rime
242 3054 410 3155 professus
439 3057 502 3118 est:
537 3052 754 3117 Athenienses
783 3074 841 3118 suo
872 3051 1010 3117 cons1lro
1016 3102 1026 3137 ,
1056 3051 1141 3136 quod

133 3143 297 3206 communi
319 3143 389 3206 iure
413 3142 561 3226 gentium
582 3140 688 3205 facere
715 3145 865 3224 possent,
893 3140 970 3204 deos
992 3140 1141 3224 publicos

132 3250 274 3312 suosque
296 3230 422 3313 patrios
441 3250 479 3292 ac
497 3232 641 3311 penates,
664 3249 729 3310 quo
746 3227 876 3292 facilius
895 3229 937 3292 ab
955 3227 1051 3293 hoste
1070 3250 1142 3313 pos-

132 3320 208 3382 sent
230 3315 412 3399 defendere,
434 3315 535 3379 muris
559 3315 718 3399 saepsisse
740 3336 845 3399 neque
867 3315 903 3378 in
925 3337 963 3380 eo
987 3315 1073 3398 quod
1095 3317 1142 3378 in-

132 3403 214 3470 utile
237 3407 324 3468 esset
348 3402 501 3468 Graeciae
523 3401 647 3467 fecisse.
680 3423 757 3467 nam
779 3402 913 3467 illorum
935 3403 1050 3467 urbem
1075 3404 1139 3480 [ut]
1160 3411 1176 3460 1

132 3491 414 3578 propugnaculum
437 3490 623 3575 oppositum
646 3511 716 3556 esse
743 3490 907 3573 barbaris,
935 3490 1020 3572 apud
1043 3507 1139 3568 quam
