<?xml version="1.0" encoding="UTF-8"?>
<!DOCTYPE html PUBLIC "-//W3C//DTD XHTML 1.0 Transitional//EN"
    "http://www.w3.org/TR/xhtml1/DTD/xhtml1-transitional.dtd">
<html xmlns="http://www.w3.org/1999/xhtml" xml:lang="en" lang="en">
 <head>
  <title>
</title>
<meta http-equiv="Content-Type" content="text/html;charset=utf-8" />
  <meta name='ocr-system' content='tesseract 3.04.00' />
  <meta name='ocr-capabilities' content='ocr_page ocr_carea ocr_par ocr_line ocrx_word'/>
</head>
<body>
  <div class='ocr_page' id='page_1' title='image "./corneliinepotis21nepogoog_0091.png"; bbox 0 0 2596 3910; ppageno 0'>
   <div class='ocr_carea' id='block_1_1' title="bbox 143 217 831 282">
    <p class='ocr_par' dir='ltr' id='par_1_1' title="bbox 143 217 831 282">
     <span class='ocr_line' id='line_1_1' title="bbox 143 217 831 282; baseline 0.003 -11"><span class='ocrx_word' id='word_1_1' title='bbox 143 218 186 282; x_wconf 83' lang='lat'>80</span> <span class='ocrx_word' id='word_1_2' title='bbox 461 217 534 273; x_wconf 85' lang='lat' dir='ltr'>XIX.</span> <span class='ocrx_word' id='word_1_3' title='bbox 553 217 724 275; x_wconf 81' lang='lat' dir='ltr'>PHOOION.</span> <span class='ocrx_word' id='word_1_4' title='bbox 754 224 831 274; x_wconf 87' lang='lat' dir='ltr'>1-e.</span> 
     </span>
    </p>
   </div>
   <div class='ocr_carea' id='block_1_2' title="bbox 94 361 1153 3528">
    <p class='ocr_par' dir='ltr' id='par_1_2' title="bbox 94 361 1153 3528">
     <span class='ocr_line' id='line_1_2' title="bbox 142 361 1153 450; baseline 0.002 -22"><span class='ocrx_word' id='word_1_5' title='bbox 142 361 296 446; x_wconf 91' lang='lat' dir='ltr'>Philippo</span> <span class='ocrx_word' id='word_1_6' title='bbox 320 384 453 428; x_wconf 90' lang='lat' dir='ltr'>munera</span> <span class='ocrx_word' id='word_1_7' title='bbox 476 385 614 448; x_wconf 80' lang='lat' dir='ltr'>magnae</span> <span class='ocrx_word' id='word_1_8' title='bbox 645 362 801 448; x_wconf 86' lang='lat' dir='ltr'>pecuniae</span> <span class='ocrx_word' id='word_1_9' title='bbox 824 363 1009 447; x_wconf 87' lang='lat' dir='ltr'>repudiaret</span> <span class='ocrx_word' id='word_1_10' title='bbox 1036 365 1153 450; x_wconf 79' lang='lat' dir='ltr'>legati-</span> 
     </span>
     <span class='ocr_line' id='line_1_3' title="bbox 104 451 1152 538; baseline 0.003 -22"><span class='ocrx_word' id='word_1_11' title='bbox 104 451 107 458; x_wconf 89' lang='grc'><strong>’</strong></span> <span class='ocrx_word' id='word_1_12' title='bbox 143 472 205 534; x_wconf 88' lang='lat' dir='ltr'>que</span> <span class='ocrx_word' id='word_1_13' title='bbox 222 451 433 516; x_wconf 70' lang='lat' dir='ltr'>hortarentur</span> <span class='ocrx_word' id='word_1_14' title='bbox 452 451 596 534; x_wconf 89' lang='lat' dir='ltr'>accipere</span> <span class='ocrx_word' id='word_1_15' title='bbox 616 451 776 534; x_wconf 90' lang='lat' dir='ltr'>simulque</span> <span class='ocrx_word' id='word_1_16' title='bbox 795 451 1015 536; x_wconf 70' lang='lat' dir='ltr'><strong>admonerent,</strong></span> <span class='ocrx_word' id='word_1_17' title='bbox 1034 453 1063 516; x_wconf 90' lang='lat' dir='ltr'>si</span> <span class='ocrx_word' id='word_1_18' title='bbox 1080 453 1152 538; x_wconf 89' lang='lat' dir='ltr'>ipse</span> 
     </span>
     <span class='ocr_line' id='line_1_4' title="bbox 142 537 1152 626; baseline 0.004 -24"><span class='ocrx_word' id='word_1_19' title='bbox 142 539 184 604; x_wconf 89' lang='lat' dir='ltr'>iis</span> <span class='ocrx_word' id='word_1_20' title='bbox 207 537 302 603; x_wconf 86' lang='lat' dir='ltr'>facile</span> <span class='ocrx_word' id='word_1_21' title='bbox 326 543 460 624; x_wconf 77' lang='lat' dir='ltr'>careret,</span> <span class='ocrx_word' id='word_1_22' title='bbox 483 539 595 604; x_wconf 88' lang='lat' dir='ltr'>liberis</span> <span class='ocrx_word' id='word_1_23' title='bbox 618 541 729 603; x_wconf 88' lang='lat' dir='ltr'>tamen</span> <span class='ocrx_word' id='word_1_24' title='bbox 752 539 819 604; x_wconf 89' lang='lat' dir='ltr'>suis</span> <span class='ocrx_word' id='word_1_25' title='bbox 842 539 1059 626; x_wconf 81' lang='lat' dir='ltr'>prospiceret,</span> <span class='ocrx_word' id='word_1_26' title='bbox 1083 542 1152 625; x_wconf 91' lang='lat' dir='ltr'>qui-</span> 
     </span>
     <span class='ocr_line' id='line_1_5' title="bbox 143 626 1152 712; baseline 0.004 -22"><span class='ocrx_word' id='word_1_27' title='bbox 143 627 205 692; x_wconf 88' lang='lat' dir='ltr'>bus</span> <span class='ocrx_word' id='word_1_28' title='bbox 228 626 359 693; x_wconf 88' lang='lat' dir='ltr'>difficile</span> <span class='ocrx_word' id='word_1_29' title='bbox 382 631 469 692; x_wconf 88' lang='lat' dir='ltr'>esset</span> <span class='ocrx_word' id='word_1_30' title='bbox 491 627 526 692; x_wconf 90' lang='lat' dir='ltr'>iu</span> <span class='ocrx_word' id='word_1_31' title='bbox 544 648 670 692; x_wconf 89' lang='lat' dir='ltr'>summa</span> <span class='ocrx_word' id='word_1_32' title='bbox 688 630 881 710; x_wconf 88' lang='lat' dir='ltr'>paupertate</span> <span class='ocrx_word' id='word_1_33' title='bbox 900 631 1027 692; x_wconf 89' lang='lat' dir='ltr'>tantam</span> <span class='ocrx_word' id='word_1_34' title='bbox 1045 633 1152 712; x_wconf 89' lang='lat' dir='ltr'>pater-</span> 
     </span>
     <span class='ocr_line' id='line_1_6' title="bbox 108 713 1152 801; baseline 0.004 -23"><span class='ocrx_word' id='word_1_35' title='bbox 108 729 221 780; x_wconf 83' lang='grc'><strong>411111</strong></span> <span class='ocrx_word' id='word_1_36' title='bbox 243 715 328 780; x_wconf 89' lang='lat' dir='ltr'>tueri</span> <span class='ocrx_word' id='word_1_37' title='bbox 346 715 494 800; x_wconf 79' lang='lat' dir='ltr'>gloriam,</span> <span class='ocrx_word' id='word_1_38' title='bbox 516 715 557 779; x_wconf 88' lang='lat' dir='ltr'>iis</span> <span class='ocrx_word' id='word_1_39' title='bbox 576 714 632 779; x_wconf 92' lang='lat' dir='ltr'>ille</span> <span class='ocrx_word' id='word_1_40' title='bbox 651 713 775 780; x_wconf 76' lang='lat' dir='ltr'>‘simei</span> <span class='ocrx_word' id='word_1_41' title='bbox 794 715 917 780; x_wconf 90' lang='lat' dir='ltr'>similes</span> <span class='ocrx_word' id='word_1_42' title='bbox 938 719 1042 801; x_wconf 89' lang='lat' dir='ltr'>erunt,</span> <span class='ocrx_word' id='word_1_43' title='bbox 1064 716 1152 782; x_wconf 91' lang='lat' dir='ltr'>idem</span> 
     </span>
     <span class='ocr_line' id='line_1_7' title="bbox 143 801 1152 890; baseline 0.004 -24"><span class='ocrx_word' id='word_1_44' title='bbox 143 801 208 868; x_wconf 87' lang='lat' dir='ltr'>hic&#39;</span> <span class='ocrx_word' id='word_1_45' title='bbox 231 802 340 886; x_wconf 92' lang='lat' dir='ltr'>inquit</span> <span class='ocrx_word' id='word_1_46' title='bbox 360 802 499 888; x_wconf 25' lang='lat' dir='ltr'>&#39;‘agellus</span> <span class='ocrx_word' id='word_1_47' title='bbox 522 803 597 868; x_wconf 93' lang='lat' dir='ltr'>illos</span> <span class='ocrx_word' id='word_1_48' title='bbox 621 803 695 887; x_wconf 90' lang='lat' dir='ltr'>alet,</span> <span class='ocrx_word' id='word_1_49' title='bbox 719 802 775 886; x_wconf 91' lang='lat' dir='ltr'>qui</span> <span class='ocrx_word' id='word_1_50' title='bbox 798 825 849 868; x_wconf 93' lang='lat' dir='ltr'>me</span> <span class='ocrx_word' id='word_1_51' title='bbox 873 803 914 868; x_wconf 89' lang='lat' dir='ltr'>ad</span> <span class='ocrx_word' id='word_1_52' title='bbox 942 803 1026 869; x_wconf 90' lang='lat' dir='ltr'>hanc</span> <span class='ocrx_word' id='word_1_53' title='bbox 1048 804 1152 890; x_wconf 83' lang='lat' dir='ltr'>digni-</span> 
     </span>
     <span class='ocr_line' id='line_1_8' title="bbox 144 889 1150 1007; baseline 0.004 -53"><span class='ocrx_word' id='word_1_54' title='bbox 144 893 247 954; x_wconf 88' lang='lat' dir='ltr'>tatem</span> <span class='ocrx_word' id='word_1_55' title='bbox 268 889 433 974; x_wconf 84' lang='lat' dir='ltr'>perduxit3</span> <span class='ocrx_word' id='word_1_56' title='bbox 465 890 516 955; x_wconf 91' lang='lat' dir='ltr'>sin</span> <span class='ocrx_word' id='word_1_57' title='bbox 538 889 712 992; x_wconf 78' lang='lat' dir='ltr'>dissimiles</span> <span class='ocrx_word' id='word_1_58' title='bbox 736 894 813 955; x_wconf 87' lang='lat' dir='ltr'>sunt</span> <span class='ocrx_word' id='word_1_59' title='bbox 835 889 947 1007; x_wconf 64' lang='lat' dir='ltr'>loturi,</span> <span class='ocrx_word' id='word_1_60' title='bbox 969 892 1045 958; x_wconf 91' lang='lat' dir='ltr'>nolo</span> <span class='ocrx_word' id='word_1_61' title='bbox 1069 893 1150 959; x_wconf 89' lang='lat' dir='ltr'>meis</span> 
     </span>
     <span class='ocr_line' id='line_1_9' title="bbox 94 977 1151 1154; baseline 0.006 -26"><span class='ocrx_word' id='word_1_62' title='bbox 94 1145 96 1154; x_wconf 26' lang='grc' dir='ltr'>Ι</span> <span class='ocrx_word' id='word_1_63' title='bbox 108 1065 128 1129; x_wconf 85' lang='grc'>2</span> <span class='ocrx_word' id='word_1_64' title='bbox 143 977 532 1151; x_wconf 55' lang='lat' dir='ltr'>1mpelildinliiiiidudrripile</span> <span class='ocrx_word' id='word_1_65' title='bbox 546 999 725 1132; x_wconf 61' lang='grc'><strong>1181111111</strong></span> <span class='ocrx_word' id='word_1_66' title='bbox 740 978 977 1152; x_wconf 52' lang='lat' dir='ltr'>ddicipileiilririum</span> <span class='ocrx_word' id='word_1_67' title='bbox 993 1090 1151 1153; x_wconf 88' lang='lat' dir='ltr'>prospera</span> 
     </span>
     <span class='ocr_line' id='line_1_10' title="bbox 143 1152 1151 1242; baseline 0.007 -25"><span class='ocrx_word' id='word_1_68' title='bbox 143 1153 344 1242; x_wconf 80' lang='lat' dir='ltr'>pervenisset</span> <span class='ocrx_word' id='word_1_69' title='bbox 365 1152 512 1239; x_wconf 90' lang='lat' dir='ltr'>fortuna,</span> <span class='ocrx_word' id='word_1_70' title='bbox 534 1155 687 1220; x_wconf 81' lang='lat' dir='ltr'>extremis</span> <span class='ocrx_word' id='word_1_71' title='bbox 711 1155 913 1239; x_wconf 78' lang='lat' dir='ltr'>temporibus</span> <span class='ocrx_word' id='word_1_72' title='bbox 937 1177 1093 1242; x_wconf 83' lang='lat' dir='ltr'>magnum</span> <span class='ocrx_word' id='word_1_73' title='bbox 1115 1157 1151 1224; x_wconf 84' lang='lat' dir='ltr'>in</span> 
     </span>
     <span class='ocr_line' id='line_1_11' title="bbox 109 1239 1150 1328; baseline 0.004 -22"><span class='ocrx_word' id='word_1_74' title='bbox 109 1239 254 1306; x_wconf 73' lang='lat' dir='ltr'>rodium</span> <span class='ocrx_word' id='word_1_75' title='bbox 275 1242 423 1325; x_wconf 87' lang='lat' dir='ltr'>pervenit</span> <span class='ocrx_word' id='word_1_76' title='bbox 446 1264 579 1308; x_wconf 90' lang='lat' dir='ltr'>suorum</span> <span class='ocrx_word' id='word_1_77' title='bbox 602 1243 730 1328; x_wconf 85' lang='lat' dir='ltr'>civium,</span> <span class='ocrx_word' id='word_1_78' title='bbox 752 1243 858 1327; x_wconf 93' lang='lat' dir='ltr'>primo</span> <span class='ocrx_word' id='word_1_79' title='bbox 883 1244 968 1327; x_wconf 93' lang='lat' dir='ltr'>quod</span> <span class='ocrx_word' id='word_1_80' title='bbox 992 1266 1066 1310; x_wconf 87' lang='lat' dir='ltr'>cum</span> <span class='ocrx_word' id='word_1_81' title='bbox 1088 1243 1150 1311; x_wconf 92' lang='lat' dir='ltr'>De·</span> 
     </span>
     <span class='ocr_line' id='line_1_12' title="bbox 144 1329 1150 1417; baseline 0.006 -23"><span class='ocrx_word' id='word_1_82' title='bbox 144 1329 237 1394; x_wconf 88' lang='lat' dir='ltr'>made</span> <span class='ocrx_word' id='word_1_83' title='bbox 260 1329 299 1394; x_wconf 90' lang='lat' dir='ltr'>de</span> <span class='ocrx_word' id='word_1_84' title='bbox 321 1331 402 1396; x_wconf 87' lang='lat' dir='ltr'>urbe</span> <span class='ocrx_word' id='word_1_85' title='bbox 425 1331 581 1397; x_wconf 88' lang='lat' dir='ltr'>tradenda</span> <span class='ocrx_word' id='word_1_86' title='bbox 593 1330 771 1415; x_wconf 84' lang='lat' dir='ltr'>Antipatro</span> <span class='ocrx_word' id='word_1_87' title='bbox 791 1336 998 1398; x_wconf 87' lang='lat' dir='ltr'>consenserat</span> <span class='ocrx_word' id='word_1_88' title='bbox 1017 1333 1150 1417; x_wconf 89' lang='lat' dir='ltr'>eiusque</span> 
     </span>
     <span class='ocr_line' id='line_1_13' title="bbox 144 1416 1150 1505; baseline 0.005 -23"><span class='ocrx_word' id='word_1_89' title='bbox 144 1417 280 1483; x_wconf 91' lang='lat' dir='ltr'>consilio</span> <span class='ocrx_word' id='word_1_90' title='bbox 293 1416 530 1484; x_wconf 83' lang='lat' dir='ltr'>Demosthenes</span> <span class='ocrx_word' id='word_1_91' title='bbox 554 1441 628 1485; x_wconf 90' lang='lat' dir='ltr'>eum</span> <span class='ocrx_word' id='word_1_92' title='bbox 651 1419 776 1504; x_wconf 86' lang='lat' dir='ltr'>ceteris,</span> <span class='ocrx_word' id='word_1_93' title='bbox 800 1420 856 1503; x_wconf 90' lang='lat' dir='ltr'>qui</span> <span class='ocrx_word' id='word_1_94' title='bbox 878 1421 960 1486; x_wconf 90' lang='lat' dir='ltr'>bene</span> <span class='ocrx_word' id='word_1_95' title='bbox 983 1421 1022 1486; x_wconf 90' lang='lat' dir='ltr'>de</span> <span class='ocrx_word' id='word_1_96' title='bbox 1040 1443 1075 1486; x_wconf 90' lang='lat' dir='ltr'>re</span> <span class='ocrx_word' id='word_1_97' title='bbox 1092 1443 1150 1505; x_wconf 91' lang='lat' dir='ltr'>pu·</span> 
     </span>
     <span class='ocr_line' id='line_1_14' title="bbox 143 1505 1151 1591; baseline 0.005 -22"><span class='ocrx_word' id='word_1_98' title='bbox 143 1505 230 1570; x_wconf 87' lang='lat' dir='ltr'>blica</span> <span class='ocrx_word' id='word_1_99' title='bbox 257 1507 366 1571; x_wconf 89' lang='lat' dir='ltr'>meriti</span> <span class='ocrx_word' id='word_1_100' title='bbox 394 1507 678 1591; x_wconf 78' lang='lat' dir='ltr'>existimabantur,</span> <span class='ocrx_word' id='word_1_101' title='bbox 707 1507 820 1590; x_wconf 89' lang='lat' dir='ltr'>populi</span> <span class='ocrx_word' id='word_1_102' title='bbox 848 1507 931 1574; x_wconf 87' lang='lat' dir='ltr'>scito</span> <span class='ocrx_word' id='word_1_103' title='bbox 959 1509 1151 1574; x_wconf 87' lang='lat' dir='ltr'>inexilium</span> 
     </span>
     <span class='ocr_line' id='line_1_15' title="bbox 144 1593 1151 1681; baseline 0.004 -23"><span class='ocrx_word' id='word_1_104' title='bbox 144 1597 237 1658; x_wconf 88' lang='lat' dir='ltr'>erant</span> <span class='ocrx_word' id='word_1_105' title='bbox 264 1593 399 1677; x_wconf 84' lang='lat' dir='ltr'>expulsi.</span> <span class='ocrx_word' id='word_1_106' title='bbox 443 1615 547 1678; x_wconf 91' lang='lat' dir='ltr'>neque</span> <span class='ocrx_word' id='word_1_107' title='bbox 574 1595 609 1660; x_wconf 93' lang='lat' dir='ltr'>in</span> <span class='ocrx_word' id='word_1_108' title='bbox 636 1615 674 1660; x_wconf 90' lang='lat' dir='ltr'>eo</span> <span class='ocrx_word' id='word_1_109' title='bbox 703 1595 810 1660; x_wconf 87' lang='lat' dir='ltr'>solum</span> <span class='ocrx_word' id='word_1_110' title='bbox 837 1595 1030 1681; x_wconf 88' lang='lat' dir='ltr'>offenderat,</span> <span class='ocrx_word' id='word_1_111' title='bbox 1064 1597 1151 1680; x_wconf 91' lang='lat' dir='ltr'>quod</span> 
     </span>
     <span class='ocr_line' id='line_1_16' title="bbox 143 1681 1149 1767; baseline 0.007 -23"><span class='ocrx_word' id='word_1_112' title='bbox 143 1681 268 1764; x_wconf 84' lang='lat' dir='ltr'>patriae</span> <span class='ocrx_word' id='word_1_113' title='bbox 301 1681 386 1746; x_wconf 88' lang='lat' dir='ltr'>male</span> <span class='ocrx_word' id='word_1_114' title='bbox 409 1682 628 1766; x_wconf 87' lang='lat' dir='ltr'>consuluerat,</span> <span class='ocrx_word' id='word_1_115' title='bbox 657 1681 713 1746; x_wconf 92' lang='lat' dir='ltr'>sed</span> <span class='ocrx_word' id='word_1_116' title='bbox 740 1683 840 1748; x_wconf 87' lang='lat' dir='ltr'>etiam</span> <span class='ocrx_word' id='word_1_117' title='bbox 873 1685 959 1767; x_wconf 90' lang='lat' dir='ltr'>quod</span> <span class='ocrx_word' id='word_1_118' title='bbox 986 1685 1149 1751; x_wconf 80' lang='lat' dir='ltr'>amicitiae</span> 
     </span>
     <span class='ocr_line' id='line_1_17' title="bbox 109 1768 1150 1858; baseline 0.007 -26"><span class='ocrx_word' id='word_1_119' title='bbox 109 1783 124 1832; x_wconf 81' lang='grc'>1</span> <span class='ocrx_word' id='word_1_120' title='bbox 143 1768 240 1833; x_wconf 90' lang='lat' dir='ltr'>fidem</span> <span class='ocrx_word' id='word_1_121' title='bbox 262 1789 329 1832; x_wconf 90' lang='lat' dir='ltr'>non</span> <span class='ocrx_word' id='word_1_122' title='bbox 350 1769 569 1852; x_wconf 86' lang='lat' dir='ltr'>praestiterat.</span> <span class='ocrx_word' id='word_1_123' title='bbox 611 1791 752 1854; x_wconf 89' lang='lat' dir='ltr'>namque</span> <span class='ocrx_word' id='word_1_124' title='bbox 776 1775 889 1836; x_wconf 88' lang='lat' dir='ltr'>auctus</span> <span class='ocrx_word' id='word_1_125' title='bbox 913 1772 1107 1858; x_wconf 82' lang='lat' dir='ltr'>adiutusque</span> <span class='ocrx_word' id='word_1_126' title='bbox 1130 1795 1150 1838; x_wconf 96' lang='grc'>1</span> 
     </span>
     <span class='ocr_line' id='line_1_18' title="bbox 143 1854 1150 1947; baseline 0.007 -28"><span class='ocrx_word' id='word_1_127' title='bbox 143 1854 362 1920; x_wconf 83' lang='lat' dir='ltr'>Demosthene</span> <span class='ocrx_word' id='word_1_128' title='bbox 386 1879 473 1942; x_wconf 90' lang='lat' dir='ltr'>eum,</span> <span class='ocrx_word' id='word_1_129' title='bbox 496 1879 593 1941; x_wconf 91' lang='lat' dir='ltr'>quem</span> <span class='ocrx_word' id='word_1_130' title='bbox 615 1858 762 1944; x_wconf 88' lang='lat' dir='ltr'>tenebat,</span> <span class='ocrx_word' id='word_1_131' title='bbox 792 1860 981 1925; x_wconf 87' lang='lat' dir='ltr'>ascenderat</span> <span class='ocrx_word' id='word_1_132' title='bbox 1004 1861 1150 1947; x_wconf 84' lang='lat' dir='ltr'>gradum,</span> 
     </span>
     <span class='ocr_line' id='line_1_19' title="bbox 144 1943 1150 2016; baseline 0.005 -6"><span class='ocrx_word' id='word_1_133' title='bbox 144 1965 217 2010; x_wconf 91' lang='lat' dir='ltr'>oum</span> <span class='ocrx_word' id='word_1_134' title='bbox 245 1944 398 2010; x_wconf 84' lang='lat' dir='ltr'>adversus</span> <span class='ocrx_word' id='word_1_135' title='bbox 421 1943 596 2012; x_wconf 81' lang='lat' dir='ltr'>Charetem</span> <span class='ocrx_word' id='word_1_136' title='bbox 623 1969 696 2012; x_wconf 90' lang='lat' dir='ltr'>eum</span> <span class='ocrx_word' id='word_1_137' title='bbox 724 1947 930 2013; x_wconf 89' lang='lat' dir='ltr'>subornaret:</span> <span class='ocrx_word' id='word_1_138' title='bbox 967 1949 1007 2013; x_wconf 91' lang='lat' dir='ltr'>ab</span> <span class='ocrx_word' id='word_1_139' title='bbox 1036 1949 1150 2016; x_wconf 91' lang='lat' dir='ltr'>eodem</span> 
     </span>
     <span class='ocr_line' id='line_1_20' title="bbox 142 2033 1151 2121; baseline 0.004 -23"><span class='ocrx_word' id='word_1_140' title='bbox 142 2033 178 2098; x_wconf 91' lang='lat' dir='ltr'>in</span> <span class='ocrx_word' id='word_1_141' title='bbox 199 2033 341 2119; x_wconf 87' lang='lat' dir='ltr'>iudiciis,</span> <span class='ocrx_word' id='word_1_142' title='bbox 368 2055 442 2100; x_wconf 89' lang='lat' dir='ltr'>cum</span> <span class='ocrx_word' id='word_1_143' title='bbox 464 2035 581 2120; x_wconf 86' lang='lat' dir='ltr'>eapitis</span> <span class='ocrx_word' id='word_1_144' title='bbox 605 2056 736 2101; x_wconf 88' lang='lat' dir='ltr'>causam</span> <span class='ocrx_word' id='word_1_145' title='bbox 759 2035 892 2121; x_wconf 87' lang='lat' dir='ltr'>diceret,</span> <span class='ocrx_word' id='word_1_146' title='bbox 920 2035 1070 2102; x_wconf 89' lang='lat' dir='ltr'>defensus</span> <span class='ocrx_word' id='word_1_147' title='bbox 1094 2037 1151 2102; x_wconf 88' lang='lat' dir='ltr'>ali-</span> 
     </span>
     <span class='ocr_line' id='line_1_21' title="bbox 144 2121 1150 2207; baseline 0.007 -22"><span class='ocrx_word' id='word_1_148' title='bbox 144 2121 310 2207; x_wconf 88' lang='lat' dir='ltr'>quotiens,</span> <span class='ocrx_word' id='word_1_149' title='bbox 341 2122 499 2188; x_wconf 88' lang='lat' dir='ltr'>liberatus</span> <span class='ocrx_word' id='word_1_150' title='bbox 532 2123 732 2189; x_wconf 85' lang='lat' dir='ltr'>discesserat.</span> <span class='ocrx_word' id='word_1_151' title='bbox 777 2124 863 2190; x_wconf 89' lang='lat' dir='ltr'>hunc</span> <span class='ocrx_word' id='word_1_152' title='bbox 885 2146 952 2190; x_wconf 92' lang='grc'>111</span> <span class='ocrx_word' id='word_1_153' title='bbox 979 2125 1086 2190; x_wconf 89' lang='lat' dir='ltr'>solum</span> <span class='ocrx_word' id='word_1_154' title='bbox 1115 2127 1150 2192; x_wconf 92' lang='lat' dir='ltr'>in</span> 
     </span>
     <span class='ocr_line' id='line_1_22' title="bbox 107 2209 1150 2296; baseline 0.005 -22"><span class='ocrx_word' id='word_1_155' title='bbox 107 2209 296 2294; x_wconf 87' lang='lat' dir='ltr'>4periculis</span> <span class='ocrx_word' id='word_1_156' title='bbox 323 2232 389 2276; x_wconf 93' lang='lat' dir='ltr'>non</span> <span class='ocrx_word' id='word_1_157' title='bbox 416 2210 572 2296; x_wconf 81' lang='lat' dir='ltr'>defendit,</span> <span class='ocrx_word' id='word_1_158' title='bbox 602 2212 659 2278; x_wconf 90' lang='lat' dir='ltr'>sed</span> <span class='ocrx_word' id='word_1_159' title='bbox 686 2212 785 2277; x_wconf 90' lang='lat' dir='ltr'>etiam</span> <span class='ocrx_word' id='word_1_160' title='bbox 812 2212 963 2296; x_wconf 88' lang='lat' dir='ltr'>prodidit.</span> <span class='ocrx_word' id='word_1_161' title='bbox 1009 2214 1150 2280; x_wconf 89' lang='lat' dir='ltr'>concidit</span> 
     </span>
     <span class='ocr_line' id='line_1_23' title="bbox 144 2299 1150 2386; baseline 0.005 -24"><span class='ocrx_word' id='word_1_162' title='bbox 144 2301 253 2362; x_wconf 90' lang='lat' dir='ltr'>autem</span> <span class='ocrx_word' id='word_1_163' title='bbox 283 2299 422 2363; x_wconf 90' lang='lat' dir='ltr'>maxime</span> <span class='ocrx_word' id='word_1_164' title='bbox 449 2321 513 2364; x_wconf 92' lang='lat' dir='ltr'>uno</span> <span class='ocrx_word' id='word_1_165' title='bbox 542 2300 689 2384; x_wconf 89' lang='lat' dir='ltr'>crimine,</span> <span class='ocrx_word' id='word_1_166' title='bbox 721 2299 820 2384; x_wconf 92' lang='lat' dir='ltr'>quod,</span> <span class='ocrx_word' id='word_1_167' title='bbox 853 2322 927 2366; x_wconf 88' lang='lat' dir='ltr'>oum</span> <span class='ocrx_word' id='word_1_168' title='bbox 958 2300 1043 2386; x_wconf 87' lang='lat' dir='ltr'>apud</span> <span class='ocrx_word' id='word_1_169' title='bbox 1075 2324 1150 2368; x_wconf 91' lang='lat' dir='ltr'>eum</span> 
     </span>
     <span class='ocr_line' id='line_1_24' title="bbox 144 2385 1150 2475; baseline 0.005 -25"><span class='ocrx_word' id='word_1_170' title='bbox 144 2407 306 2450; x_wconf 88' lang='lat' dir='ltr'>summum</span> <span class='ocrx_word' id='word_1_171' title='bbox 329 2389 414 2450; x_wconf 88' lang='lat' dir='ltr'>esset</span> <span class='ocrx_word' id='word_1_172' title='bbox 437 2385 609 2469; x_wconf 90' lang='lat' dir='ltr'>imperium</span> <span class='ocrx_word' id='word_1_173' title='bbox 637 2386 751 2470; x_wconf 92' lang='lat' dir='ltr'>populi</span> <span class='ocrx_word' id='word_1_174' title='bbox 773 2388 860 2452; x_wconf 81' lang='lat' dir='ltr'>iussu</span> <span class='ocrx_word' id='word_1_175' title='bbox 887 2392 921 2453; x_wconf 90' lang='lat' dir='ltr'>et</span> <span class='ocrx_word' id='word_1_176' title='bbox 943 2387 1150 2475; x_wconf 89' lang='lat' dir='ltr'>Nicanorem,</span> 
     </span>
     <span class='ocr_line' id='line_1_25' title="bbox 144 2471 1147 2560; baseline 0.007 -23"><span class='ocrx_word' id='word_1_177' title='bbox 144 2471 317 2537; x_wconf 82' lang='lat' dir='ltr'>Cassandri</span> <span class='ocrx_word' id='word_1_178' title='bbox 339 2471 548 2557; x_wconf 87' lang='lat' dir='ltr'>praefectum,</span> <span class='ocrx_word' id='word_1_179' title='bbox 571 2473 718 2538; x_wconf 89' lang='lat' dir='ltr'>insidiari</span> <span class='ocrx_word' id='word_1_180' title='bbox 736 2473 851 2541; x_wconf 84' lang='lat' dir='ltr'>Piraeo</span> <span class='ocrx_word' id='word_1_181' title='bbox 871 2475 1147 2560; x_wconf 84' lang='lat' dir='ltr'>[Atheniensium]</span> 
     </span>
     <span class='ocr_line' id='line_1_26' title="bbox 144 2558 1150 2652; baseline 0.008 -28"><span class='ocrx_word' id='word_1_182' title='bbox 144 2583 163 2624; x_wconf 89' lang='lat' dir='ltr'>a</span> <span class='ocrx_word' id='word_1_183' title='bbox 176 2558 316 2644; x_wconf 86' lang='lat' dir='ltr'>Dercylo</span> <span class='ocrx_word' id='word_1_184' title='bbox 331 2563 517 2625; x_wconf 88' lang='lat' dir='ltr'>moneretur</span> <span class='ocrx_word' id='word_1_185' title='bbox 535 2560 684 2646; x_wconf 90' lang='lat' dir='ltr'>idemque</span> <span class='ocrx_word' id='word_1_186' title='bbox 697 2563 881 2646; x_wconf 87' lang='lat' dir='ltr'>postularet</span> <span class='ocrx_word' id='word_1_187' title='bbox 898 2569 937 2630; x_wconf 92' lang='lat' dir='ltr'>ut</span> <span class='ocrx_word' id='word_1_188' title='bbox 954 2566 1150 2652; x_wconf 84' lang='lat' dir='ltr'>provideret,</span> 
     </span>
     <span class='ocr_line' id='line_1_27' title="bbox 142 2647 1149 2739; baseline 0.008 -27"><span class='ocrx_word' id='word_1_189' title='bbox 142 2669 183 2712; x_wconf 88' lang='lat' dir='ltr'>ne</span> <span class='ocrx_word' id='word_1_190' title='bbox 206 2647 441 2714; x_wconf 89' lang='lat' dir='ltr'>commeatibus</span> <span class='ocrx_word' id='word_1_191' title='bbox 466 2648 580 2714; x_wconf 89' lang='lat' dir='ltr'>civitas</span> <span class='ocrx_word' id='word_1_192' title='bbox 602 2650 801 2735; x_wconf 88' lang='lat' dir='ltr'>privaretur,</span> <span class='ocrx_word' id='word_1_193' title='bbox 823 2651 900 2718; x_wconf 90' lang='lat' dir='ltr'>huic</span> <span class='ocrx_word' id='word_1_194' title='bbox 923 2654 1072 2720; x_wconf 89' lang='lat' dir='ltr'>audiente</span> <span class='ocrx_word' id='word_1_195' title='bbox 1094 2677 1149 2739; x_wconf 91' lang='lat' dir='ltr'>po-</span> 
     </span>
     <span class='ocr_line' id='line_1_28' title="bbox 143 2735 1150 2825; baseline 0.006 -24"><span class='ocrx_word' id='word_1_196' title='bbox 143 2736 221 2821; x_wconf 90' lang='lat' dir='ltr'>pulo</span> <span class='ocrx_word' id='word_1_197' title='bbox 244 2735 390 2802; x_wconf 91' lang='lat' dir='ltr'>Phocion</span> <span class='ocrx_word' id='word_1_198' title='bbox 416 2738 549 2824; x_wconf 84' lang='lat' dir='ltr'>negavit</span> <span class='ocrx_word' id='word_1_199' title='bbox 572 2759 643 2804; x_wconf 90' lang='lat' dir='ltr'>esse</span> <span class='ocrx_word' id='word_1_200' title='bbox 670 2739 850 2824; x_wconf 88' lang='lat' dir='ltr'>perieulum</span> <span class='ocrx_word' id='word_1_201' title='bbox 878 2762 975 2825; x_wconf 89' lang='lat' dir='ltr'>seque</span> <span class='ocrx_word' id='word_1_202' title='bbox 1003 2742 1072 2807; x_wconf 88' lang='lat' dir='ltr'>eius</span> <span class='ocrx_word' id='word_1_203' title='bbox 1102 2743 1150 2808; x_wconf 91' lang='lat' dir='ltr'>rei</span> 
     </span>
     <span class='ocr_line' id='line_1_29' title="bbox 109 2825 1151 2915; baseline 0.007 -26"><span class='ocrx_word' id='word_1_204' title='bbox 109 2825 290 2890; x_wconf 76' lang='grc'><strong>5111111111</strong></span> <span class='ocrx_word' id='word_1_205' title='bbox 321 2825 391 2890; x_wconf 86' lang='grc'><strong>1111</strong></span> <span class='ocrx_word' id='word_1_206' title='bbox 422 2825 588 2910; x_wconf 90' lang='lat' dir='ltr'>pollicitus</span> <span class='ocrx_word' id='word_1_207' title='bbox 621 2830 680 2892; x_wconf 90' lang='lat' dir='ltr'>est.</span> <span class='ocrx_word' id='word_1_208' title='bbox 725 2849 829 2911; x_wconf 89' lang='lat' dir='ltr'>neque</span> <span class='ocrx_word' id='word_1_209' title='bbox 860 2829 908 2893; x_wconf 89' lang='lat' dir='ltr'>ita</span> <span class='ocrx_word' id='word_1_210' title='bbox 937 2830 1041 2894; x_wconf 90' lang='lat' dir='ltr'>multo</span> <span class='ocrx_word' id='word_1_211' title='bbox 1072 2836 1151 2915; x_wconf 89' lang='lat' dir='ltr'>post</span> 
     </span>
     <span class='ocr_line' id='line_1_30' title="bbox 144 2911 1150 3002; baseline 0.005 -24"><span class='ocrx_word' id='word_1_212' title='bbox 144 2911 288 2979; x_wconf 83' lang='lat' dir='ltr'>Nicanor</span> <span class='ocrx_word' id='word_1_213' title='bbox 310 2911 425 2979; x_wconf 88' lang='lat' dir='ltr'>Piraeo</span> <span class='ocrx_word' id='word_1_214' title='bbox 449 2917 499 2979; x_wconf 87' lang='grc'>111</span> <span class='ocrx_word' id='word_1_215' title='bbox 525 2915 660 2997; x_wconf 86' lang='lat' dir='ltr'>potitus.</span> <span class='ocrx_word' id='word_1_216' title='bbox 706 2915 747 2980; x_wconf 87' lang='lat' dir='ltr'>ad</span> <span class='ocrx_word' id='word_1_217' title='bbox 774 2937 870 2998; x_wconf 91' lang='lat' dir='ltr'>quem</span> <span class='ocrx_word' id='word_1_218' title='bbox 896 2918 1150 3002; x_wconf 87' lang='lat' dir='ltr'>recuperandum</span> 
     </span>
     <span class='ocr_line' id='line_1_31' title="bbox 144 3002 1150 3088; baseline 0.005 -23"><span class='ocrx_word' id='word_1_219' title='bbox 144 3023 218 3066; x_wconf 88' lang='lat' dir='ltr'>cunr</span> <span class='ocrx_word' id='word_1_220' title='bbox 240 3002 379 3086; x_wconf 90' lang='lat' dir='ltr'>populus</span> <span class='ocrx_word' id='word_1_221' title='bbox 403 3005 548 3067; x_wconf 90' lang='lat' dir='ltr'>armatus</span> <span class='ocrx_word' id='word_1_222' title='bbox 571 3002 798 3088; x_wconf 88' lang='lat' dir='ltr'>concurrisset,</span> <span class='ocrx_word' id='word_1_223' title='bbox 820 3003 876 3069; x_wconf 93' lang='lat' dir='ltr'>ille</span> <span class='ocrx_word' id='word_1_224' title='bbox 898 3027 964 3070; x_wconf 92' lang='lat' dir='ltr'>non</span> <span class='ocrx_word' id='word_1_225' title='bbox 981 3005 1077 3070; x_wconf 91' lang='lat' dir='ltr'>modo</span> <span class='ocrx_word' id='word_1_226' title='bbox 1095 3027 1150 3070; x_wconf 90' lang='lat' dir='ltr'>ne-</span> 
     </span>
     <span class='ocr_line' id='line_1_32' title="bbox 144 3088 1150 3178; baseline 0.01 -28"><span class='ocrx_word' id='word_1_227' title='bbox 144 3088 264 3152; x_wconf 90' lang='lat' dir='ltr'>minem</span> <span class='ocrx_word' id='word_1_228' title='bbox 288 3090 328 3154; x_wconf 88' lang='grc'>11</span> <span class='ocrx_word' id='word_1_229' title='bbox 351 3111 442 3156; x_wconf 88' lang='lat' dir='ltr'>arma</span> <span class='ocrx_word' id='word_1_230' title='bbox 464 3090 601 3175; x_wconf 82' lang='lat' dir='ltr'>vocavit,</span> <span class='ocrx_word' id='word_1_231' title='bbox 624 3090 739 3156; x_wconf 88' lang='lat' dir='ltr'>sedne</span> <span class='ocrx_word' id='word_1_232' title='bbox 758 3093 893 3157; x_wconf 89' lang='lat' dir='ltr'>armatis</span> <span class='ocrx_word' id='word_1_233' title='bbox 913 3092 1041 3178; x_wconf 90' lang='lat' dir='ltr'>quidem</span> <span class='ocrx_word' id='word_1_234' title='bbox 1059 3115 1150 3178; x_wconf 88' lang='lat' dir='ltr'>prae·</span> 
     </span>
     <span class='ocr_line' id='line_1_33' title="bbox 144 3176 1150 3262; baseline 0.01 -23"><span class='ocrx_word' id='word_1_235' title='bbox 144 3195 214 3240; x_wconf 92' lang='lat' dir='ltr'>esse</span> <span class='ocrx_word' id='word_1_236' title='bbox 250 3176 363 3243; x_wconf 88' lang='lat' dir='ltr'>voluit.</span> <span class='ocrx_word' id='word_1_237' title='bbox 417 3178 500 3259; x_wconf 89' lang='lat' dir='ltr'>[sine</span> <span class='ocrx_word' id='word_1_238' title='bbox 532 3200 596 3262; x_wconf 90' lang='lat' dir='ltr'>quo</span> <span class='ocrx_word' id='word_1_239' title='bbox 628 3177 777 3244; x_wconf 86' lang='lat' dir='ltr'>Athenae</span> <span class='ocrx_word' id='word_1_240' title='bbox 814 3181 946 3246; x_wconf 90' lang='lat' dir='ltr'>omnino</span> <span class='ocrx_word' id='word_1_241' title='bbox 978 3201 1048 3247; x_wconf 89' lang='lat' dir='ltr'>esse</span> <span class='ocrx_word' id='word_1_242' title='bbox 1084 3205 1150 3249; x_wconf 92' lang='lat' dir='ltr'>nou</span> 
     </span>
     <span class='ocr_line' id='line_1_34' title="bbox 168 3266 1084 3344; baseline 0.002 -16"><span class='ocrx_word' id='word_1_243' title='bbox 168 3266 304 3344; x_wconf 81' lang='lat' dir='ltr'>essunt]</span> <span class='ocrx_word' id='word_1_244' title='bbox 1081 3333 1084 3340; x_wconf 71' lang='grc'>,</span> 
     </span>
     <span class='ocr_line' id='line_1_35' title="bbox 109 3285 1150 3442; baseline 0.008 -27"><span class='ocrx_word' id='word_1_245' title='bbox 109 3285 165 3416; x_wconf 75' lang='lat' dir='ltr'>Sp</span> <span class='ocrx_word' id='word_1_246' title='bbox 232 3351 337 3416; x_wconf 82' lang='lat' dir='ltr'>Erant</span> <span class='ocrx_word' id='word_1_247' title='bbox 364 3373 402 3417; x_wconf 91' lang='lat' dir='ltr'>eo</span> <span class='ocrx_word' id='word_1_248' title='bbox 430 3357 577 3436; x_wconf 90' lang='lat' dir='ltr'>tempore</span> <span class='ocrx_word' id='word_1_249' title='bbox 601 3353 740 3418; x_wconf 86' lang='lat' dir='ltr'>Athenis</span> <span class='ocrx_word' id='word_1_250' title='bbox 764 3356 845 3421; x_wconf 90' lang='lat' dir='ltr'>duae</span> <span class='ocrx_word' id='word_1_251' title='bbox 873 3356 1045 3442; x_wconf 82' lang='lat' dir='ltr'>factiones,</span> <span class='ocrx_word' id='word_1_252' title='bbox 1075 3380 1150 3442; x_wconf 86' lang='lat' dir='ltr'>qua·</span> 
     </span>
     <span class='ocr_line' id='line_1_36' title="bbox 144 3439 1150 3528; baseline 0.004 -22"><span class='ocrx_word' id='word_1_253' title='bbox 144 3463 217 3506; x_wconf 93' lang='lat' dir='ltr'>rum</span> <span class='ocrx_word' id='word_1_254' title='bbox 243 3461 308 3506; x_wconf 89' lang='lat' dir='ltr'>una</span> <span class='ocrx_word' id='word_1_255' title='bbox 333 3439 446 3524; x_wconf 89' lang='lat' dir='ltr'>populi</span> <span class='ocrx_word' id='word_1_256' title='bbox 473 3461 604 3506; x_wconf 86' lang='lat' dir='ltr'>eausam</span> <span class='ocrx_word' id='word_1_257' title='bbox 631 3441 764 3528; x_wconf 84' lang='lat' dir='ltr'>agebat,</span> <span class='ocrx_word' id='word_1_258' title='bbox 796 3443 900 3509; x_wconf 90' lang='lat' dir='ltr'>altera</span> <span class='ocrx_word' id='word_1_259' title='bbox 932 3444 1150 3528; x_wconf 90' lang='lat' dir='ltr'>optimatium.</span> 
     </span>
    </p>
   </div>
   <div class='ocr_carea' id='block_1_3' title="bbox 144 3501 1290 3622">
    <p class='ocr_par' dir='ltr' id='par_1_3' title="bbox 144 3501 1290 3622">
     <span class='ocr_line' id='line_1_37' title="bbox 144 3501 1290 3622; baseline 0.008 -30"><span class='ocrx_word' id='word_1_260' title='bbox 144 3529 179 3592; x_wconf 92' lang='lat' dir='ltr'>in</span> <span class='ocrx_word' id='word_1_261' title='bbox 201 3529 263 3594; x_wconf 90' lang='lat' dir='ltr'>hac</span> <span class='ocrx_word' id='word_1_262' title='bbox 285 3531 355 3593; x_wconf 88' lang='lat' dir='ltr'>erat</span> <span class='ocrx_word' id='word_1_263' title='bbox 378 3526 524 3593; x_wconf 88' lang='lat' dir='ltr'>Phocion</span> <span class='ocrx_word' id='word_1_264' title='bbox 546 3533 580 3593; x_wconf 90' lang='grc'>11</span> <span class='ocrx_word' id='word_1_265' title='bbox 602 3527 789 3596; x_wconf 88' lang='lat' dir='ltr'>Demetrius</span> <span class='ocrx_word' id='word_1_266' title='bbox 812 3531 996 3598; x_wconf 90' lang='lat' dir='ltr'>Phalereus.</span> <span class='ocrx_word' id='word_1_267' title='bbox 1032 3533 1150 3600; x_wconf 88' lang='lat' dir='ltr'>harum</span> <span class='ocrx_word' id='word_1_268' title='bbox 1258 3617 1261 3622; x_wconf 20' lang='lat'>¹</span> <span class='ocrx_word' id='word_1_269' title='bbox 1289 3501 1290 3506; x_wconf 15' lang='lat'>¹</span> 
     </span>
    </p>
   </div>
   <div class='ocr_carea' id='block_1_4' title="bbox 0 0 1302 3910">
    <p class='ocr_par' dir='ltr' id='par_1_4' title="bbox 0 0 1302 3910">
     <span class='ocr_line' id='line_1_38' title="bbox 0 0 1302 3910; baseline 0 0"><span class='ocrx_word' id='word_1_270' title='bbox 0 0 1302 3910; x_wconf 95' lang='lat' dir='ltr'> </span> 
     </span>
    </p>
   </div>
  </div>
 </body>
</html>
