2596 3910
158 219 200 299 86
448 233 519 288 xxx
539 232 588 287 on
607 231 770 289 sacrans.
799 240 823 288 a.
843 240 859 288 s

120 377 142 443 2
243 376 295 442 nx
326 375 540 458 Macedonum
571 381 681 441 autem
717 381 814 463 gente
848 377 910 442 duo
941 376 1047 440 multo
1080 378 1164 439 cete·

157 487 211 532 ros
235 469 477 531 antecesserunt
499 487 607 530 rerum
634 469 803 550 gestarum
831 465 948 550 gloria:
980 462 1164 547 Philippus,

157 553 319 638 Amyntae
347 554 449 638 filius,
476 557 510 618 et
536 552 719 617 Alexander
741 552 890 639 Magnus.
933 553 1051 617 horum
1080 550 1164 614 alter

156 642 323 727 Babylone
347 641 462 707 morbo
485 644 695 723 consumptus
719 645 783 724 est,
812 641 983 724 Philippus
1005 638 1120 724 Aegiis
1145 661 1164 701 a

157 729 331 814 Pausania,
359 752 433 795 cum
455 732 637 813 spectatum
658 728 753 794 ludos
776 729 853 813 iret,
882 730 974 792 iuxta
996 727 1163 793 theatrum

122 819 284 884 ‘roccisus
307 821 366 882 est.
400 837 482 881 unus
501 815 663 900 Epirotes,
686 815 842 900 Pyrrhus,
865 817 922 899 qui
945 838 1019 881 cum
1040 815 1163 900 populo
1223 875 1226 882 .

157 906 304 970 Romano
327 904 470 968 bellavit.
506 904 631 990 isucum
649 902 757 989 Argos
781 903 936 987 oppidum
959 907 1164 988 oppugnaret

156 994 191 1056 in
213 991 436 1074 Peloponneso
442 1041 451 1074 ,
478 991 584 1074 lapide
611 991 696 1056 ictus
724 991 858 1056 interiit.
904 1013 988 1056 unus
1011 991 1092 1056 item
1115 989 1164 1054 Si-

123 1127 128 1135 ·
157 1080 261 1163 culus,
289 1075 466 1161 Dionysius
489 1079 588 1163 prior.
632 1101 709 1144 nam
732 1083 765 1144 et
789 1079 1005 1146 manufortis
1029 1083 1063 1144 et
1084 1079 1164 1143 belli

156 1167 281 1252 peritus
303 1165 367 1231 fuit
390 1170 432 1250 et,
453 1167 487 1231 id
510 1168 597 1251 quod
619 1168 654 1232 in
676 1171 816 1251 tyranno
839 1189 906 1233 non
927 1167 1023 1233 facilc
1046 1167 1163 1250 reperi·

157 1260 225 1339 tur,
252 1255 383 1320 minime
405 1254 613 1340 libidinosus,
639 1277 706 1320 non
727 1255 926 1340 luxuriosus,
948 1277 1015 1320 non
1038 1277 1163 1338 avarus,

157 1344 278 1408 nullius
305 1343 441 1425 denique
469 1343 517 1408 rei
544 1343 679 1428 cupidus
705 1345 770 1408 nisi
799 1344 972 1430 singularis
1001 1343 1164 1428 perpetui-

159 1454 220 1516 que
247 1430 374 1515 imperii
402 1431 444 1494 ob
473 1427 608 1515 eamque
635 1453 704 1496 rem
732 1432 884 1496 crudelis:
915 1453 992 1496 nam
1023 1432 1100 1496 dum
1129 1431 1164 1495 id
1267 1425 1272 1440 '

159 1520 285 1584 studuit
307 1518 445 1601 munire,
467 1519 588 1584 nullius
611 1520 757 1603 pepercit
780 1520 882 1603 vitae,
905 1541 1002 1603 quem
1025 1520 1094 1584 eius
1117 1520 1164 1584 in·

122 1619 139 1669 8
158 1608 346 1672 sidiatorem
368 1610 508 1690 putaret
552 1607 606 1672 hic
630 1629 704 1671 oum
725 1607 847 1671 virtute
870 1608 1077 1690 tyrannidem
1099 1607 1164 1672 sibi

156 1695 344 1779 peperisset,
362 1715 481 1779 magna
495 1695 633 1759 retinuit
645 1694 817 1759 felicitate:
840 1695 946 1760 maior
959 1696 1047 1760 enirn
1062 1717 1164 1760 annos

157 1781 325 1868 sexaginta
340 1786 439 1846 natus
458 1783 597 1847 decessit
620 1782 756 1847 florente
774 1803 884 1868 regno.
918 1805 1022 1867 neque
1041 1784 1076 1848 in
1095 1788 1165 1848 tam

91 1871 100 1886 ’
157 1869 270 1936 multis
289 1869 381 1935 annis
401 1870 591 1955 cuiusquam
610 1893 649 1937 ax
667 1893 726 1936 sua
745 1871 846 1956 stirpe
864 1871 962 1936 funus
975 1872 1067 1956 vidit,
1090 1894 1166 1938 cum

158 1982 198 2025 ox
220 1959 325 2025 tribus
343 1959 498 2050 uxoribus
516 1959 636 2024 liberos
655 1964 859 2044 procreasset
872 1959 1031 2043 multique
1047 1961 1077 2024 ei
1093 1961 1166 2026 nati

160 2052 269 2113 essent
290 2051 433 2131 nepotes.

124 2135 144 2200 3
246 2135 391 2201 Fuerunt
422 2139 591 2219 praeterea
618 2137 729 2222 magni
760 2157 854 2222 reges
883 2159 922 2200 ex
949 2136 1062 2200 amicis
1090 2135 1166 2201 Ale

160 2225 273 2290 xandri
291 2223 413 2309 Magni,
435 2223 491 2306 qui
513 2227 590 2307 post
612 2224 740 2288 obitum
758 2225 827 2289 eius
846 2224 983 2308 imperis
1001 2229 1166 2308 oeperunt,

159 2313 253 2376 ineis
267 2311 453 2396 Antigonus
467 2315 502 2375 et
514 2311 610 2376 huius
624 2312 712 2376 filius
726 2310 923 2396 Demetrius,
940 2310 1166 2396 Lysimachus,

83 2461 89 2472 ,
124 2398 326 2482 aseleucus,
352 2398 569 2463 Ptolemaeus.
614 2421 654 2464 ex
680 2399 731 2463 his
754 2398 941 2484 Antigonus
968 2399 1004 2464 in
1031 2400 1166 2484 proelio,

159 2508 232 2552 cum
255 2487 408 2551 adversus
429 2485 598 2552 Seleucum
617 2490 650 2551 et
668 2485 899 2571 Lysimachum
918 2487 1096 2573 dimicaret,
1114 2510 1167 2554 oc-

160 2575 244 2640 cisus
259 2577 318 2638 est.
350 2575 422 2659 pari
435 2576 502 2640 leto
517 2575 652 2640 affectus
666 2579 718 2640 est
733 2573 946 2660 Lysimachus
961 2576 1002 2642 ab
1017 2573 1166 2642 Seleuco:

158 2684 298 2747 namque
322 2663 477 2728 societate
500 2663 659 2728 dissoluta
680 2663 804 2728 bellum
826 2665 912 2728 inter
930 2685 964 2728 se
985 2669 1167 2750 gesserunt

125 2755 196 2817 sat
225 2750 427 2836 Demetrius,
459 2773 532 2816 cum
563 2751 666 2816 liliam
698 2773 791 2816 suam
824 2750 958 2817 Seleuco
989 2751 1025 2817 in
1056 2753 1167 2818 matri·
1283 2763 1284 2770 ’

161 2841 306 2906 monium
329 2840 470 2904 dedisset
491 2861 595 2922 neque
619 2862 656 2904 eo
680 2841 784 2925 magis
807 2840 873 2904 fida
902 2841 1066 2906 intereos
1089 2841 1167 2906 ami-

163 2929 240 2994 citia
263 2949 392 2992 manere
414 2927 585 3012 potuisset,
608 2932 722 3012 captus
745 2927 831 2992 bello
855 2929 890 2992 in
909 2929 1057 2993 custodis
1075 2949 1168 2994 socer

124 3030 143 3078 ⁴
161 3037 273 3168 lgrdllcbrd
287 3015 762 3168 apPibllerdaeldoildddundeddlb
781 3016 973 3168 iidierflddddd
991 3013 1168 3188 ebbsbudren

161 3191 217 3255 ille
249 3213 269 3254 a
299 3195 393 3274 patre
426 3191 595 3276 expulsum
622 3190 826 3256 Alexandrea
858 3191 1038 3256 alienarum
1070 3214 1169 3277 opum

161 3278 362 3365 indigentem
389 3282 564 3364 receperat.
609 3279 679 3363 ipsc
708 3282 818 3342 autom
845 3277 1065 3362 Ptolemaeus,
1095 3301 1170 3344 curn

149 3367 255 3432 riuus
277 3365 345 3430 lilio
368 3386 505 3452 regnum
528 3366 725 3450 tradidisset,
748 3366 789 3429 ab
812 3365 869 3430 illo
889 3366 1001 3430 eodem
1019 3367 1088 3431 vita
1106 3369 1171 3451 pri-

165 3459 260 3522 vatus
284 3453 410 3520 dicitur.

128 3557 145 3608 t
253 3542 303 3608 De
327 3542 443 3627 quibus
467 3541 620 3626 quoniam
648 3541 728 3604 satis
757 3539 881 3620 dictum
907 3543 1075 3626 putamus,
1104 3564 1171 3608 non
