2596 3910
458 172 542 279 xxi.
562 223 722 278 Arrlcus
752 230 776 279 e.
794 231 833 279 ro.
1085 226 1149 290 105
1182 293 1185 298 ,

139 369 231 434 nulla
253 371 331 434 erat.
376 389 443 433 non
466 369 572 443 solum
593 368 726 453 inimici,
749 369 805 452 qui
828 373 899 433 turn
922 375 1015 435 erant
1036 375 1148 454 poten-

141 457 261 522 tissimi
284 461 318 522 et
344 456 500 541 plurimi,
520 457 577 521 sed
599 457 700 521 etiam
724 457 780 539 qui
804 457 996 522 adversariis
1020 459 1089 523 eius
1113 481 1147 523 se

141 545 352 612 venditabant
374 548 411 608 et
435 544 469 608 in
496 566 534 609 eo
562 544 717 609 laedendo
745 545 890 628 aliquam
917 550 1147 612 consecuturos

142 633 316 719 sperabant
338 633 619 717 commoditatem,
642 631 779 697 Antonii
801 633 979 699 familiares
1002 635 1148 719 inseque-

140 724 273 806 bantur,
300 725 434 786 u'xorem
456 719 606 786 Fulviam
633 721 784 786 omnibus
812 723 909 786 rebus
933 723 1074 806 spoliare
1097 744 1148 788 cu-

97 841 105 860 ·-
139 811 282 896 piabant,
305 809 426 874 liberos
450 809 549 874 etiam
572 810 778 895 exstinguere
800 811 970 894 parabant
1006 810 1184 895 Attianae
1294 813 1296 886 ξ

141 920 215 966 cum
238 897 403 963 Ciceronis
417 897 543 962 intima
565 897 790 963 familiaritate
814 901 970 982 uteretur,
994 899 1148 964 amicissi-

140 1008 214 1053 mus
237 990 324 1051 esset
346 984 460 1070 Bruto,
483 1007 551 1052 non
573 986 669 1050 modo
692 986 774 1050 nihil
797 987 838 1051 iis
861 987 998 1052 indulsit
1021 988 1062 1053 ad
1084 987 1149 1052 An-

141 1075 269 1141 tonium
290 1073 485 1158 violandum,
510 1075 566 1140 sed
589 1097 606 1138 e
629 1075 793 1140 contrario
816 1074 995 1141 familiares
1018 1077 1087 1142 eius
1110 1097 1150 1140 ex

141 1164 221 1229 urbe
238 1161 470 1248 profugientes,
494 1167 652 1247 quantum
669 1163 787 1246 potuit,
806 1164 898 1246 texit,
916 1164 1034 1247 quibus
1052 1164 1149 1228 rebus

141 1251 360 1336 indiguenmt,
378 1250 510 1315 adiuvit.
542 1250 659 1316 Publio
678 1272 754 1316 vero
768 1249 946 1316 Volumnio
967 1273 1005 1315 ea
1023 1251 1149 1335 tribuit,
1168 1269 1185 1319 4

140 1344 179 1405 ut
196 1340 325 1424 pluras
342 1342 476 1424 parente
494 1339 657 1422 proficisci
670 1360 737 1404 non
754 1339 931 1424 potuerint.
960 1339 1026 1423 ipsi
1040 1343 1150 1403 autem

141 1426 289 1512 Fulviae,
319 1448 393 1492 cum
419 1426 533 1492 litibus
562 1427 772 1492 distineretur
800 1428 991 1512 magnisque
1020 1427 1150 1492 terrori-

141 1517 203 1582 bus
228 1519 414 1600 vexaretur,
446 1519 540 1580 tanta
567 1515 738 1601 diligentia
766 1515 910 1579 officium
938 1536 1032 1579 suum
1059 1537 1150 1598 prae-

142 1605 239 1689 stitit,
260 1609 299 1670 ut
320 1605 447 1669 nullum
470 1604 528 1669 illa
551 1604 675 1670 stiterit
697 1603 919 1668 vadimonium
938 1603 1008 1668 sine
1027 1601 1150 1688 Attico,

141 1694 264 1758 Attinas
295 1713 433 1774 sponsor
462 1694 608 1757 omnium
639 1714 748 1757 rerum
778 1691 899 1756 fuerit
933 1692 1012 1775 quin
1041 1692 1185 1776 etiam,t

142 1802 216 1846 oum
248 1779 306 1842 illa
336 1777 472 1842 fundum
504 1781 645 1844 secunda
675 1779 808 1844 fortuna
835 1779 969 1844 emisset
1000 1780 1035 1844 in
1065 1781 1150 1846 diem
1195 1791 1234 1836 vl

141 1889 246 1952 neque
264 1869 340 1949 post
359 1865 579 1930 calamitatem
597 1887 763 1931 versuram
780 1867 887 1931 facere
905 1867 1076 1952 potuisset,
1094 1868 1149 1932 ille
1251 1913 1253 1922 .
1295 1873 1296 1884 ¹

143 1979 177 2022 se
200 1953 398 2038 interposuit
424 1953 658 2036 pecuniamque
682 1953 750 2016 sine
773 1953 904 2016 faenore
927 1955 1060 2036 sineque
1082 1955 1151 2018 ulla

143 2042 355 2128 stipulatione
378 2040 528 2125 credidit,
556 2041 733 2105 maximum
757 2040 945 2104 existimans
970 2045 1151 2125 quaestum,

143 2151 321 2197 memorem
343 2133 538 2215 gratumque
562 2150 600 2193 co
647 2128 729 2212 osci,
756 2127 917 2211 simulque
945 2128 1092 2211 aperiens
1115 2150 1150 2192 se

142 2241 209 2287 non
226 2219 387 2302 fortunae,
406 2217 463 2282 sed
480 2217 605 2282 homini
628 2238 667 2281 us
683 2217 787 2281 solere
801 2237 872 2281 esse
887 2216 1035 2280 amicum.
1069 2237 1186 2300 quaes
1294 2223 1295 2308 J

143 2330 217 2376 cum
243 2307 399 2391 faciebat,
427 2326 523 2370 nemo
551 2327 626 2370 eum
653 2304 809 2390 temporis
839 2301 936 2370 ¹causa
962 2303 1069 2369 facere
1096 2325 1151 2388 po·

143 2394 453 2464 terat'existimare:
479 2394 601 2460 nemini
625 2394 711 2458 enim
733 2394 768 2458 in
791 2391 978 2478 opinionem
1001 2392 1152 2458 veniebat

142 2485 324 2552 Antonium
351 2505 460 2549 rerum
486 2484 677 2568 potiturum.
724 2482 780 2547 sed
803 2503 916 2547 sensus
940 2481 1008 2546 eius
1032 2503 1052 2546 a
1074 2498 1186 2548 non-t

142 2574 242 2640 nullis
257 2572 471 2655 optimatibus
485 2571 790 2654 reprehendebatur,
809 2571 896 2654 quod
908 2591 1025 2653 parum
1044 2570 1151 2634 odisse

144 2661 248 2726 malos
272 2659 357 2742 aives
380 2658 553 2722 videretur.
598 2658 653 2721 ille
678 2661 801 2740 autem,
824 2659 875 2721 sui
897 2657 1018 2740 iudicii,
1040 2657 1151 2740 potins

145 2748 284 2833 quidse
311 2745 417 2812 facere
446 2766 506 2829 par
533 2749 620 2810 esset
648 2745 837 2808 intuebatur
865 2765 962 2827 quam
991 2743 1067 2826 quid
1095 2743 1152 2806 alii

1 2797 13 2853 ¹>
143 2834 308 2902 laudaturi
330 2833 447 2899 forent.

232 2923 397 2990 Conversa
419 2920 528 2986 subito
552 2920 685 2985 fortuna
707 2924 765 2986 est.
806 2923 844 2984 ut
866 2918 1032 2984 Antonius
1054 2919 1153 2983 rediit
1165 2919 1207 2984 10
1242 2947 1246 2954 ·

143 3015 179 3077 in
209 3011 355 3095 Italiam,
386 3031 483 3075 nemo
514 3030 581 3074 non
612 3028 732 3093 magno
764 3007 799 3072 in
830 3007 974 3091 periculo
1002 3005 1152 3072 Atticum

143 3105 277 3184 putarat
303 3103 438 3184 propter
465 3097 616 3162 intimam
643 3095 903 3160 familiaritatem
926 3093 1091 3159 Ciceronis
1119 3099 1153 3158 et

144 3189 248 3254 Bruti.
300 3188 411 3270 itaque
443 3187 484 3251 ad
521 3185 696 3250 adventum
731 3185 968 3266 imperatorum
1005 3183 1043 3246 de
1079 3182 1187 3247 foros

144 3278 345 3358 decesserat,
377 3276 496 3340 timens
523 3272 814 3357 proscriptionem,
845 3270 1034 3354 latebatque
1067 3270 1153 3354 apud

143 3363 179 3428 P.
203 3363 429 3446 Volumnium,
452 3362 514 3444 oui,
536 3365 574 3425 nt
597 3360 814 3442 ostendimus,
837 3359 935 3443 paulo
959 3362 1034 3422 ante
1059 3379 1153 3440 opem

144 3453 266 3517 tulerat
293 3447 400 3535 (tanta
426 3449 567 3513 varietas
596 3448 637 3513 iis
666 3447 867 3532 temporibus
899 3447 963 3510 fuit
994 3444 1154 3529 fortunae,

93 3589 97 3596 .
143 3545 182 3604 ut
205 3538 302 3604 modo
328 3537 377 3621 hi,
407 3535 503 3601 modo
526 3535 576 3599 illi
598 3536 634 3599 in
657 3557 783 3601 summo
807 3538 916 3600 essent
939 3536 996 3598 aut
1018 3531 1152 3618 fastigio
