<?xml version="1.0" encoding="UTF-8"?>
<!DOCTYPE html PUBLIC "-//W3C//DTD XHTML 1.0 Transitional//EN"
    "http://www.w3.org/TR/xhtml1/DTD/xhtml1-transitional.dtd">
<html xmlns="http://www.w3.org/1999/xhtml" xml:lang="en" lang="en">
 <head>
  <title>
</title>
<meta http-equiv="Content-Type" content="text/html;charset=utf-8" />
  <meta name='ocr-system' content='tesseract 3.04.00' />
  <meta name='ocr-capabilities' content='ocr_page ocr_carea ocr_par ocr_line ocrx_word'/>
</head>
<body>
  <div class='ocr_page' id='page_1' title='image "./corneliinepotis21nepogoog_0013.png"; bbox 0 0 2598 3906; ppageno 0'>
   <div class='ocr_carea' id='block_1_1' title="bbox 150 257 821 326">
    <p class='ocr_par' dir='ltr' id='par_1_1' title="bbox 150 257 821 326">
     <span class='ocr_line' id='line_1_1' title="bbox 150 257 821 326; baseline -0.006 -11"><span class='ocrx_word' id='word_1_1' title='bbox 150 264 170 326; x_wconf 85' lang='grc'>2</span> <span class='ocrx_word' id='word_1_2' title='bbox 474 257 685 313; x_wconf 73' lang='lat' dir='ltr'>PRAEFATIO.</span> <span class='ocrx_word' id='word_1_3' title='bbox 709 263 724 323; x_wconf 67' lang='grc' dir='ltr'><strong>ἓ</strong></span> <span class='ocrx_word' id='word_1_4' title='bbox 744 263 821 312; x_wconf 84' lang='grc'>6-8.</span> 
     </span>
    </p>
   </div>
   <div class='ocr_carea' id='block_1_2' title="bbox 7 401 1284 1367">
    <p class='ocr_par' dir='ltr' id='par_1_2' title="bbox 7 387 1284 1367">
     <span class='ocr_line' id='line_1_2' title="bbox 7 401 1158 520; baseline -0.004 -47"><span class='ocrx_word' id='word_1_5' title='bbox 7 419 9 520; x_wconf 66' lang='lat' dir='ltr'><strong>j</strong></span> <span class='ocrx_word' id='word_1_6' title='bbox 86 443 89 448; x_wconf 95' lang='lat'>·</span> <span class='ocrx_word' id='word_1_7' title='bbox 149 407 371 472; x_wconf 87' lang='lat' dir='ltr'>Romanorum</span> <span class='ocrx_word' id='word_1_8' title='bbox 393 403 494 486; x_wconf 86' lang='lat' dir='ltr'>pudet</span> <span class='ocrx_word' id='word_1_9' title='bbox 515 425 649 467; x_wconf 84' lang='lat' dir='ltr'>uxorem</span> <span class='ocrx_word' id='word_1_10' title='bbox 672 403 787 467; x_wconf 87' lang='lat' dir='ltr'>ducere</span> <span class='ocrx_word' id='word_1_11' title='bbox 810 402 845 466; x_wconf 93' lang='lat' dir='ltr'>in</span> <span class='ocrx_word' id='word_1_12' title='bbox 863 401 1072 467; x_wconf 76' lang='lat' dir='ltr'>convivium?</span> <span class='ocrx_word' id='word_1_13' title='bbox 1101 407 1158 468; x_wconf 87' lang='lat' dir='ltr'>aut</span> 
     </span>
     <span class='ocr_line' id='line_1_3' title="bbox 150 490 1158 574; baseline -0.005 -14"><span class='ocrx_word' id='word_1_14' title='bbox 150 495 240 560; x_wconf 88' lang='lat' dir='ltr'>cuius</span> <span class='ocrx_word' id='word_1_15' title='bbox 263 515 329 558; x_wconf 93' lang='lat' dir='ltr'>non</span> <span class='ocrx_word' id='word_1_16' title='bbox 347 495 452 556; x_wconf 91' lang='lat' dir='ltr'>mater</span> <span class='ocrx_word' id='word_1_17' title='bbox 472 490 613 554; x_wconf 83' lang='lat' dir='ltr'><strong>familias</strong></span> <span class='ocrx_word' id='word_1_18' title='bbox 632 491 774 574; x_wconf 90' lang='lat' dir='ltr'>primum</span> <span class='ocrx_word' id='word_1_19' title='bbox 792 491 901 555; x_wconf 91' lang='lat' dir='ltr'>locum</span> <span class='ocrx_word' id='word_1_20' title='bbox 920 494 1010 554; x_wconf 89' lang='lat' dir='ltr'>tenet</span> <span class='ocrx_word' id='word_1_21' title='bbox 1029 491 1158 555; x_wconf 89' lang='lat' dir='ltr'>aedium</span> 
     </span>
     <span class='ocr_line' id='line_1_4' title="bbox 7 579 1159 666; baseline -0.006 -17"><span class='ocrx_word' id='word_1_22' title='bbox 7 583 9 656; x_wconf 80' lang='lat' dir='ltr'>l</span> <span class='ocrx_word' id='word_1_23' title='bbox 115 587 248 666; x_wconf 76' lang='lat' dir='ltr'>ratque</span> <span class='ocrx_word' id='word_1_24' title='bbox 270 581 306 645; x_wconf 91' lang='lat' dir='ltr'>in</span> <span class='ocrx_word' id='word_1_25' title='bbox 328 579 516 646; x_wconf 75' lang='lat' dir='ltr'>celebritate</span> <span class='ocrx_word' id='word_1_26' title='bbox 539 579 709 642; x_wconf 78' lang='lat' dir='ltr'>versatur?</span> <span class='ocrx_word' id='word_1_27' title='bbox 746 579 833 661; x_wconf 91' lang='lat' dir='ltr'>quod</span> <span class='ocrx_word' id='word_1_28' title='bbox 860 579 964 643; x_wconf 91' lang='lat' dir='ltr'>multo</span> <span class='ocrx_word' id='word_1_29' title='bbox 994 579 1034 642; x_wconf 91' lang='lat' dir='ltr'>fit</span> <span class='ocrx_word' id='word_1_30' title='bbox 1062 579 1159 644; x_wconf 87' lang='lat' dir='ltr'>aliter</span> 
     </span>
     <span class='ocr_line' id='line_1_5' title="bbox 7 667 1158 750; baseline -0.006 -13"><span class='ocrx_word' id='word_1_31' title='bbox 7 675 8 678; x_wconf 70' lang='grc'>’</span> <span class='ocrx_word' id='word_1_32' title='bbox 149 672 185 736; x_wconf 91' lang='lat' dir='ltr'>in</span> <span class='ocrx_word' id='word_1_33' title='bbox 208 669 351 734; x_wconf 80' lang='lat' dir='ltr'>Graecia.</span> <span class='ocrx_word' id='word_1_34' title='bbox 387 689 464 731; x_wconf 87' lang='lat' dir='ltr'>narn</span> <span class='ocrx_word' id='word_1_35' title='bbox 489 688 593 750; x_wconf 90' lang='lat' dir='ltr'>neque</span> <span class='ocrx_word' id='word_1_36' title='bbox 620 667 655 730; x_wconf 93' lang='lat' dir='ltr'>in</span> <span class='ocrx_word' id='word_1_37' title='bbox 683 667 866 731; x_wconf 77' lang='lat' dir='ltr'>convivium</span> <span class='ocrx_word' id='word_1_38' title='bbox 894 667 1066 731; x_wconf 79' lang='lat' dir='ltr'>adhibetur</span> <span class='ocrx_word' id='word_1_39' title='bbox 1093 667 1158 731; x_wconf 89' lang='lat' dir='ltr'>nisi</span> 
     </span>
     <span class='ocr_line' id='line_1_6' title="bbox 149 754 1158 843; baseline -0.003 -21"><span class='ocrx_word' id='word_1_40' title='bbox 149 758 422 843; x_wconf 90' lang='lat' dir='ltr'>propinquorum,</span> <span class='ocrx_word' id='word_1_41' title='bbox 457 776 561 838; x_wconf 87' lang='lat' dir='ltr'>noque</span> <span class='ocrx_word' id='word_1_42' title='bbox 594 755 684 818; x_wconf 89' lang='lat' dir='ltr'>sedet</span> <span class='ocrx_word' id='word_1_43' title='bbox 714 754 779 818; x_wconf 90' lang='lat' dir='ltr'>nisi</span> <span class='ocrx_word' id='word_1_44' title='bbox 810 755 846 818; x_wconf 93' lang='lat' dir='ltr'>in</span> <span class='ocrx_word' id='word_1_45' title='bbox 876 755 1031 819; x_wconf 90' lang='lat' dir='ltr'>interiore</span> <span class='ocrx_word' id='word_1_46' title='bbox 1063 759 1158 838; x_wconf 85' lang='lat' dir='ltr'>parte</span> 
     </span>
     <span class='ocr_line' id='line_1_7' title="bbox 151 842 1270 929; baseline -0.004 -18"><span class='ocrx_word' id='word_1_47' title='bbox 151 847 291 929; x_wconf 90' lang='lat' dir='ltr'>aedium,</span> <span class='ocrx_word' id='word_1_48' title='bbox 318 865 399 928; x_wconf 88' lang='lat' dir='ltr'>quae</span> <span class='ocrx_word' id='word_1_49' title='bbox 427 842 650 928; x_wconf 78' lang='lat' dir='ltr'>gynaeconitis</span> <span class='ocrx_word' id='word_1_50' title='bbox 679 843 875 927; x_wconf 87' lang='lat' dir='ltr'>appellatur,</span> <span class='ocrx_word' id='word_1_51' title='bbox 903 864 967 926; x_wconf 90' lang='lat' dir='ltr'>quo</span> <span class='ocrx_word' id='word_1_52' title='bbox 990 864 1085 907; x_wconf 88' lang='lat' dir='ltr'>nemo</span> <span class='ocrx_word' id='word_1_53' title='bbox 1110 865 1159 907; x_wconf 86' lang='lat' dir='ltr'>ac-</span> <span class='ocrx_word' id='word_1_54' title='bbox 1266 845 1270 850; x_wconf 87' lang='lat'>&#39;</span> 
     </span>
     <span class='ocr_line' id='line_1_8' title="bbox 116 931 1159 1016; baseline -0.004 -16"><span class='ocrx_word' id='word_1_55' title='bbox 116 934 237 1002; x_wconf 86' lang='lat' dir='ltr'>scedit</span> <span class='ocrx_word' id='word_1_56' title='bbox 262 932 327 997; x_wconf 90' lang='lat' dir='ltr'>nisi</span> <span class='ocrx_word' id='word_1_57' title='bbox 354 931 537 1016; x_wconf 86' lang='lat' dir='ltr'>propinqua</span> <span class='ocrx_word' id='word_1_58' title='bbox 565 931 758 1016; x_wconf 85' lang='lat' dir='ltr'>cognatione</span> <span class='ocrx_word' id='word_1_59' title='bbox 784 931 984 996; x_wconf 87' lang='lat' dir='ltr'>coniunctus.</span> <span class='ocrx_word' id='word_1_60' title='bbox 1022 931 1159 996; x_wconf 90' lang='lat' dir='ltr'>sedhic</span> 
     </span>
     <span class='ocr_line' id='line_1_9' title="bbox 150 1018 1159 1106; baseline -0.003 -21"><span class='ocrx_word' id='word_1_61' title='bbox 150 1023 245 1106; x_wconf 89' lang='lat' dir='ltr'>plura</span> <span class='ocrx_word' id='word_1_62' title='bbox 261 1020 413 1104; x_wconf 88' lang='lat' dir='ltr'>persequi</span> <span class='ocrx_word' id='word_1_63' title='bbox 427 1042 500 1084; x_wconf 91' lang='lat' dir='ltr'>cum</span> <span class='ocrx_word' id='word_1_64' title='bbox 514 1019 705 1103; x_wconf 78' lang='lat' dir='ltr'>magnitudo</span> <span class='ocrx_word' id='word_1_65' title='bbox 719 1018 893 1083; x_wconf 86' lang='lat' dir='ltr'>voluminis</span> <span class='ocrx_word' id='word_1_66' title='bbox 908 1019 1068 1103; x_wconf 89' lang='lat' dir='ltr'>prohibet,</span> <span class='ocrx_word' id='word_1_67' title='bbox 1087 1023 1159 1083; x_wconf 92' lang='lat' dir='ltr'>tum</span> 
     </span>
     <span class='ocr_line' id='line_1_10' title="bbox 150 1107 1158 1192; baseline -0.002 -20"><span class='ocrx_word' id='word_1_68' title='bbox 150 1109 332 1192; x_wconf 82' lang='lat' dir='ltr'>festinatio,</span> <span class='ocrx_word' id='word_1_69' title='bbox 359 1112 397 1172; x_wconf 88' lang='lat' dir='ltr'>ut</span> <span class='ocrx_word' id='word_1_70' title='bbox 420 1129 458 1172; x_wconf 87' lang='lat' dir='ltr'>ea</span> <span class='ocrx_word' id='word_1_71' title='bbox 480 1107 650 1191; x_wconf 87' lang='lat' dir='ltr'>explicem,</span> <span class='ocrx_word' id='word_1_72' title='bbox 680 1127 761 1189; x_wconf 86' lang='lat' dir='ltr'>quae</span> <span class='ocrx_word' id='word_1_73' title='bbox 785 1128 918 1171; x_wconf 88' lang='lat' dir='ltr'>exorsus</span> <span class='ocrx_word' id='word_1_74' title='bbox 941 1128 1022 1171; x_wconf 88' lang='lat' dir='ltr'>sum.</span> <span class='ocrx_word' id='word_1_75' title='bbox 1060 1127 1158 1190; x_wconf 86' lang='lat' dir='ltr'>quare</span> 
     </span>
     <span class='ocr_line' id='line_1_11' title="bbox 151 1195 1284 1282; baseline -0.005 -19"><span class='ocrx_word' id='word_1_76' title='bbox 151 1199 192 1263; x_wconf 87' lang='lat' dir='ltr'>ad</span> <span class='ocrx_word' id='word_1_77' title='bbox 217 1197 423 1282; x_wconf 90' lang='lat' dir='ltr'>propositum</span> <span class='ocrx_word' id='word_1_78' title='bbox 450 1196 615 1260; x_wconf 82' lang='lat' dir='ltr'>veniemus</span> <span class='ocrx_word' id='word_1_79' title='bbox 639 1198 673 1259; x_wconf 89' lang='lat' dir='ltr'>et</span> <span class='ocrx_word' id='word_1_80' title='bbox 699 1195 734 1258; x_wconf 92' lang='lat' dir='ltr'>in</span> <span class='ocrx_word' id='word_1_81' title='bbox 759 1195 821 1260; x_wconf 94' lang='lat' dir='ltr'>hoc</span> <span class='ocrx_word' id='word_1_82' title='bbox 850 1216 1045 1279; x_wconf 84' lang='lat' dir='ltr'>exponemus</span> <span class='ocrx_word' id='word_1_83' title='bbox 1073 1195 1158 1258; x_wconf 88' lang='lat' dir='ltr'>libro</span> <span class='ocrx_word' id='word_1_84' title='bbox 1282 1237 1284 1244; x_wconf 44' lang='grc' dir='ltr'><strong><em>ι</em></strong></span> 
     </span>
     <span class='ocr_line' id='line_1_12' title="bbox 151 1283 797 1367; baseline -0.006 -17"><span class='ocrx_word' id='word_1_85' title='bbox 151 1287 190 1350; x_wconf 86' lang='lat' dir='ltr'>de</span> <span class='ocrx_word' id='word_1_86' title='bbox 212 1285 282 1350; x_wconf 83' lang='lat' dir='ltr'>vita</span> <span class='ocrx_word' id='word_1_87' title='bbox 304 1283 531 1350; x_wconf 81' lang='lat' dir='ltr'>excellentium</span> <span class='ocrx_word' id='word_1_88' title='bbox 553 1283 797 1367; x_wconf 89' lang='lat' dir='ltr'>imperatorum.</span> 
     </span>
    </p>
   </div>
   <div class='ocr_carea' id='block_1_3' title="bbox 493 1583 819 1656">
    <p class='ocr_par' dir='ltr' id='par_1_3' title="bbox 493 1583 819 1656">
     <span class='ocr_line' id='line_1_13' title="bbox 493 1583 819 1656; baseline 0.003 -2"><span class='ocrx_word' id='word_1_89' title='bbox 493 1584 520 1656; x_wconf 92' lang='grc' dir='ltr'>Ι.</span> <span class='ocrx_word' id='word_1_90' title='bbox 548 1583 819 1656; x_wconf 78' lang='lat' dir='ltr'>MILTIADES.</span> 
     </span>
    </p>
   </div>
   <div class='ocr_carea' id='block_1_4' title="bbox 65 1718 1291 3653">
    <p class='ocr_par' dir='ltr' id='par_1_4' title="bbox 65 1718 1291 3653">
     <span class='ocr_line' id='line_1_14' title="bbox 114 1718 1160 1805; baseline -0.006 -13"><span class='ocrx_word' id='word_1_91' title='bbox 114 1729 131 1792; x_wconf 92' lang='lat'>1</span> <span class='ocrx_word' id='word_1_92' title='bbox 241 1723 416 1805; x_wconf 89' lang='lat' dir='ltr'>Miltiades,</span> <span class='ocrx_word' id='word_1_93' title='bbox 434 1718 580 1786; x_wconf 79' lang='lat' dir='ltr'>Cimonis</span> <span class='ocrx_word' id='word_1_94' title='bbox 602 1720 699 1804; x_wconf 89' lang='lat' dir='ltr'>filius,</span> <span class='ocrx_word' id='word_1_95' title='bbox 717 1719 938 1805; x_wconf 82' lang='lat' dir='ltr'>Atheniensis,</span> <span class='ocrx_word' id='word_1_96' title='bbox 962 1743 1036 1786; x_wconf 90' lang='lat' dir='ltr'>cum</span> <span class='ocrx_word' id='word_1_97' title='bbox 1055 1726 1088 1786; x_wconf 92' lang='lat' dir='ltr'>et</span> <span class='ocrx_word' id='word_1_98' title='bbox 1107 1743 1160 1786; x_wconf 84' lang='lat' dir='ltr'>an·</span> 
     </span>
     <span class='ocr_line' id='line_1_15' title="bbox 152 1807 1161 1896; baseline -0.002 -20"><span class='ocrx_word' id='word_1_99' title='bbox 152 1812 306 1895; x_wconf 83' lang='lat' dir='ltr'>tiquitate</span> <span class='ocrx_word' id='word_1_100' title='bbox 334 1807 461 1896; x_wconf 88' lang='lat' dir='ltr'>generis</span> <span class='ocrx_word' id='word_1_101' title='bbox 485 1812 519 1872; x_wconf 90' lang='lat' dir='ltr'>et</span> <span class='ocrx_word' id='word_1_102' title='bbox 546 1808 652 1894; x_wconf 89' lang='lat' dir='ltr'>gloria</span> <span class='ocrx_word' id='word_1_103' title='bbox 678 1808 839 1873; x_wconf 91' lang='lat' dir='ltr'>maiorum</span> <span class='ocrx_word' id='word_1_104' title='bbox 862 1813 895 1873; x_wconf 91' lang='lat' dir='ltr'>et</span> <span class='ocrx_word' id='word_1_105' title='bbox 919 1831 977 1874; x_wconf 87' lang='lat' dir='ltr'>sua</span> <span class='ocrx_word' id='word_1_106' title='bbox 1000 1811 1161 1875; x_wconf 85' lang='lat' dir='ltr'>modestia</span> 
     </span>
     <span class='ocr_line' id='line_1_16' title="bbox 152 1895 1161 1983; baseline -0.003 -18"><span class='ocrx_word' id='word_1_107' title='bbox 152 1921 236 1964; x_wconf 90' lang='lat' dir='ltr'>unus</span> <span class='ocrx_word' id='word_1_108' title='bbox 260 1899 405 1964; x_wconf 91' lang='lat' dir='ltr'>omnium</span> <span class='ocrx_word' id='word_1_109' title='bbox 427 1897 566 1960; x_wconf 86' lang='lat' dir='ltr'>maxime</span> <span class='ocrx_word' id='word_1_110' title='bbox 589 1895 721 1960; x_wconf 88' lang='lat' dir='ltr'>floreret</span> <span class='ocrx_word' id='word_1_111' title='bbox 744 1917 844 1980; x_wconf 86' lang='lat' dir='ltr'>eaque</span> <span class='ocrx_word' id='word_1_112' title='bbox 868 1902 955 1962; x_wconf 87' lang='lat' dir='ltr'>esset</span> <span class='ocrx_word' id='word_1_113' title='bbox 978 1901 1100 1983; x_wconf 83' lang='lat' dir='ltr'>aetate,</span> <span class='ocrx_word' id='word_1_114' title='bbox 1122 1903 1161 1963; x_wconf 91' lang='lat' dir='ltr'>ut</span> 
     </span>
     <span class='ocr_line' id='line_1_17' title="bbox 151 1985 1160 2070; baseline -0.002 -18"><span class='ocrx_word' id='word_1_115' title='bbox 151 2010 218 2054; x_wconf 93' lang='lat' dir='ltr'>non</span> <span class='ocrx_word' id='word_1_116' title='bbox 244 1988 310 2052; x_wconf 91' lang='lat' dir='ltr'>iam</span> <span class='ocrx_word' id='word_1_117' title='bbox 338 1986 444 2052; x_wconf 91' lang='lat' dir='ltr'>solum</span> <span class='ocrx_word' id='word_1_118' title='bbox 472 1986 510 2049; x_wconf 86' lang='lat' dir='ltr'>de</span> <span class='ocrx_word' id='word_1_119' title='bbox 533 2006 571 2048; x_wconf 91' lang='lat' dir='ltr'>eo</span> <span class='ocrx_word' id='word_1_120' title='bbox 598 1985 681 2048; x_wconf 86' lang='lat' dir='ltr'>benc</span> <span class='ocrx_word' id='word_1_121' title='bbox 709 2006 852 2070; x_wconf 87' lang='lat' dir='ltr'>sperare,</span> <span class='ocrx_word' id='word_1_122' title='bbox 881 1987 937 2051; x_wconf 87' lang='lat' dir='ltr'>sed</span> <span class='ocrx_word' id='word_1_123' title='bbox 965 1987 1065 2051; x_wconf 88' lang='lat' dir='ltr'>etiam</span> <span class='ocrx_word' id='word_1_124' title='bbox 1088 2007 1160 2052; x_wconf 89' lang='lat' dir='ltr'>con-</span> 
     </span>
     <span class='ocr_line' id='line_1_18' title="bbox 151 2073 1161 2159; baseline -0.003 -19"><span class='ocrx_word' id='word_1_125' title='bbox 151 2077 250 2142; x_wconf 86' lang='lat' dir='ltr'>fidere</span> <span class='ocrx_word' id='word_1_126' title='bbox 275 2077 359 2141; x_wconf 86' lang='lat' dir='ltr'>cives</span> <span class='ocrx_word' id='word_1_127' title='bbox 382 2077 516 2159; x_wconf 88' lang='lat' dir='ltr'>possent</span> <span class='ocrx_word' id='word_1_128' title='bbox 539 2073 605 2158; x_wconf 87' lang='lat' dir='ltr'>sui,</span> <span class='ocrx_word' id='word_1_129' title='bbox 628 2074 729 2137; x_wconf 84' lang='lat' dir='ltr'>talem</span> <span class='ocrx_word' id='word_1_130' title='bbox 752 2096 826 2139; x_wconf 88' lang='lat' dir='ltr'>eum</span> <span class='ocrx_word' id='word_1_131' title='bbox 848 2073 1008 2159; x_wconf 77' lang='lat' dir='ltr'>futurum,</span> <span class='ocrx_word' id='word_1_132' title='bbox 1032 2075 1161 2156; x_wconf 85' lang='lat' dir='ltr'>qualem</span> 
     </span>
     <span class='ocr_line' id='line_1_19' title="bbox 153 2160 1161 2250; baseline -0.004 -20"><span class='ocrx_word' id='word_1_133' title='bbox 153 2165 322 2250; x_wconf 88' lang='lat' dir='ltr'>cognitum</span> <span class='ocrx_word' id='word_1_134' title='bbox 348 2163 545 2246; x_wconf 87' lang='lat' dir='ltr'>iudicarunt,</span> <span class='ocrx_word' id='word_1_135' title='bbox 573 2162 690 2226; x_wconf 90' lang='lat' dir='ltr'>accidit</span> <span class='ocrx_word' id='word_1_136' title='bbox 717 2166 755 2225; x_wconf 92' lang='lat' dir='ltr'>ut</span> <span class='ocrx_word' id='word_1_137' title='bbox 781 2160 997 2226; x_wconf 85' lang='lat' dir='ltr'>Athenienses</span> <span class='ocrx_word' id='word_1_138' title='bbox 1026 2160 1161 2226; x_wconf 79' lang='lat' dir='ltr'>Cherso-</span> 
     </span>
     <span class='ocr_line' id='line_1_20' title="bbox 119 2249 1161 2334; baseline -0.005 -16"><span class='ocrx_word' id='word_1_139' title='bbox 119 2271 266 2318; x_wconf 73' lang='lat' dir='ltr'>nnesum</span> <span class='ocrx_word' id='word_1_140' title='bbox 299 2251 430 2314; x_wconf 91' lang='lat' dir='ltr'>colonos</span> <span class='ocrx_word' id='word_1_141' title='bbox 462 2251 583 2313; x_wconf 82' lang='lat' dir='ltr'>vellent</span> <span class='ocrx_word' id='word_1_142' title='bbox 614 2249 752 2311; x_wconf 88' lang='lat' dir='ltr'>mittere.</span> <span class='ocrx_word' id='word_1_143' title='bbox 804 2249 894 2312; x_wconf 90' lang='lat' dir='ltr'>cuius</span> <span class='ocrx_word' id='word_1_144' title='bbox 926 2249 1054 2334; x_wconf 90' lang='lat' dir='ltr'>generis</span> <span class='ocrx_word' id='word_1_145' title='bbox 1087 2271 1161 2313; x_wconf 90' lang='lat' dir='ltr'>cum</span> 
     </span>
     <span class='ocr_line' id='line_1_21' title="bbox 153 2335 1248 2424; baseline -0.003 -21"><span class='ocrx_word' id='word_1_146' title='bbox 153 2359 290 2424; x_wconf 88' lang='lat' dir='ltr'>magnus</span> <span class='ocrx_word' id='word_1_147' title='bbox 321 2356 475 2400; x_wconf 91' lang='lat' dir='ltr'>numerus</span> <span class='ocrx_word' id='word_1_148' title='bbox 504 2339 591 2400; x_wconf 88' lang='lat' dir='ltr'>esset</span> <span class='ocrx_word' id='word_1_149' title='bbox 618 2338 651 2398; x_wconf 88' lang='lat' dir='ltr'>et</span> <span class='ocrx_word' id='word_1_150' title='bbox 683 2335 779 2398; x_wconf 90' lang='lat' dir='ltr'>multi</span> <span class='ocrx_word' id='word_1_151' title='bbox 812 2336 881 2400; x_wconf 89' lang='lat' dir='ltr'>eius</span> <span class='ocrx_word' id='word_1_152' title='bbox 914 2336 1161 2421; x_wconf 88' lang='lat' dir='ltr'>demigrationis</span> <span class='ocrx_word' id='word_1_153' title='bbox 1245 2409 1248 2416; x_wconf 31' lang='lat'><strong>¹</strong></span> 
     </span>
     <span class='ocr_line' id='line_1_22' title="bbox 152 2421 1161 2513; baseline -0.002 -21"><span class='ocrx_word' id='word_1_154' title='bbox 152 2429 301 2513; x_wconf 87' lang='lat' dir='ltr'>peterent</span> <span class='ocrx_word' id='word_1_155' title='bbox 329 2425 531 2506; x_wconf 87' lang='lat' dir='ltr'>societatem,</span> <span class='ocrx_word' id='word_1_156' title='bbox 560 2444 599 2486; x_wconf 84' lang='lat' dir='ltr'>ex</span> <span class='ocrx_word' id='word_1_157' title='bbox 625 2422 666 2485; x_wconf 87' lang='lat' dir='ltr'>iis</span> <span class='ocrx_word' id='word_1_158' title='bbox 695 2422 811 2487; x_wconf 91' lang='lat' dir='ltr'>delecti</span> <span class='ocrx_word' id='word_1_159' title='bbox 834 2421 979 2506; x_wconf 90' lang='lat' dir='ltr'>Delphos</span> <span class='ocrx_word' id='word_1_160' title='bbox 1008 2424 1161 2490; x_wconf 77' lang='lat' dir='ltr'>delibera</span> 
     </span>
     <span class='ocr_line' id='line_1_23' title="bbox 152 2510 1161 2596; baseline -0.002 -17"><span class='ocrx_word' id='word_1_161' title='bbox 152 2520 224 2579; x_wconf 87' lang='lat' dir='ltr'>tum</span> <span class='ocrx_word' id='word_1_162' title='bbox 246 2513 439 2578; x_wconf 86' lang='lat' dir='ltr'>missisunt</span> <span class='ocrx_word' id='word_1_163' title='bbox 463 2511 532 2594; x_wconf 91' lang='lat' dir='ltr'>[qui</span> <span class='ocrx_word' id='word_1_164' title='bbox 556 2510 761 2575; x_wconf 85' lang='lat' dir='ltr'>consulerent</span> <span class='ocrx_word' id='word_1_165' title='bbox 782 2510 994 2596; x_wconf 89' lang='lat' dir='ltr'>Apollinem],</span> <span class='ocrx_word' id='word_1_166' title='bbox 1018 2533 1082 2595; x_wconf 89' lang='lat' dir='ltr'>quo</span> <span class='ocrx_word' id='word_1_167' title='bbox 1106 2535 1161 2596; x_wconf 91' lang='lat' dir='ltr'>po-</span> 
     </span>
     <span class='ocr_line' id='line_1_24' title="bbox 153 2599 1286 2681; baseline -0.003 -14"><span class='ocrx_word' id='word_1_168' title='bbox 153 2603 317 2667; x_wconf 89' lang='lat' dir='ltr'>tissimum</span> <span class='ocrx_word' id='word_1_169' title='bbox 343 2601 422 2665; x_wconf 88' lang='lat' dir='ltr'>duce</span> <span class='ocrx_word' id='word_1_170' title='bbox 449 2602 626 2663; x_wconf 88' lang='lat' dir='ltr'>uterentur.</span> <span class='ocrx_word' id='word_1_171' title='bbox 662 2620 801 2681; x_wconf 88' lang='lat' dir='ltr'>namque</span> <span class='ocrx_word' id='word_1_172' title='bbox 829 2603 900 2663; x_wconf 88' lang='lat' dir='ltr'>tum</span> <span class='ocrx_word' id='word_1_173' title='bbox 922 2599 1082 2666; x_wconf 83' lang='lat' dir='ltr'>Thraeces</span> <span class='ocrx_word' id='word_1_174' title='bbox 1107 2621 1161 2665; x_wconf 86' lang='lat' dir='ltr'>eas</span> <span class='ocrx_word' id='word_1_175' title='bbox 1282 2611 1286 2622; x_wconf 88' lang='lat'>&#39;</span> 
     </span>
     <span class='ocr_line' id='line_1_25' title="bbox 153 2687 1162 2776; baseline 0 -22"><span class='ocrx_word' id='word_1_176' title='bbox 153 2691 303 2776; x_wconf 87' lang='lat' dir='ltr'>regiones</span> <span class='ocrx_word' id='word_1_177' title='bbox 322 2688 486 2771; x_wconf 88' lang='lat' dir='ltr'>tenebant,</span> <span class='ocrx_word' id='word_1_178' title='bbox 505 2707 578 2752; x_wconf 87' lang='lat' dir='ltr'>curn</span> <span class='ocrx_word' id='word_1_179' title='bbox 598 2687 715 2770; x_wconf 91' lang='lat' dir='ltr'>quibus</span> <span class='ocrx_word' id='word_1_180' title='bbox 731 2687 831 2752; x_wconf 88' lang='lat' dir='ltr'>armis</span> <span class='ocrx_word' id='word_1_181' title='bbox 845 2692 916 2752; x_wconf 82' lang='lat' dir='ltr'>arat</span> <span class='ocrx_word' id='word_1_182' title='bbox 934 2688 1162 2754; x_wconf 90' lang='lat' dir='ltr'>dimicandum.</span> 
     </span>
     <span class='ocr_line' id='line_1_26' title="bbox 65 2775 1163 2862; baseline -0.004 -18"><span class='ocrx_word' id='word_1_183' title='bbox 65 2793 69 2800; x_wconf 89' lang='lat'>&#39;</span> <span class='ocrx_word' id='word_1_184' title='bbox 118 2779 234 2860; x_wconf 76' lang='lat' dir='ltr'>sshis]</span> <span class='ocrx_word' id='word_1_185' title='bbox 263 2777 507 2843; x_wconf 88' lang='lat' dir='ltr'>consulentibus</span> <span class='ocrx_word' id='word_1_186' title='bbox 538 2775 733 2840; x_wconf 87' lang='lat' dir='ltr'>nominatim</span> <span class='ocrx_word' id='word_1_187' title='bbox 760 2775 881 2859; x_wconf 87' lang='lat' dir='ltr'>Pythia</span> <span class='ocrx_word' id='word_1_188' title='bbox 911 2778 1093 2862; x_wconf 88' lang='lat' dir='ltr'>praecepit,</span> <span class='ocrx_word' id='word_1_189' title='bbox 1126 2781 1163 2840; x_wconf 90' lang='lat' dir='ltr'>ut</span> 
     </span>
     <span class='ocr_line' id='line_1_27' title="bbox 153 2864 1291 2948; baseline -0.005 -18"><span class='ocrx_word' id='word_1_190' title='bbox 153 2865 337 2930; x_wconf 90' lang='lat' dir='ltr'>Miltiadem</span> <span class='ocrx_word' id='word_1_191' title='bbox 359 2865 589 2948; x_wconf 89' lang='lat' dir='ltr'>imperatorem</span> <span class='ocrx_word' id='word_1_192' title='bbox 612 2864 675 2927; x_wconf 89' lang='lat' dir='ltr'>sibi</span> <span class='ocrx_word' id='word_1_193' title='bbox 698 2867 877 2928; x_wconf 88' lang='lat' dir='ltr'>sumerent:</span> <span class='ocrx_word' id='word_1_194' title='bbox 899 2864 933 2927; x_wconf 92' lang='lat' dir='ltr'>id</span> <span class='ocrx_word' id='word_1_195' title='bbox 953 2865 982 2927; x_wconf 87' lang='lat' dir='ltr'>si</span> <span class='ocrx_word' id='word_1_196' title='bbox 1000 2865 1162 2948; x_wconf 75' lang='lat' dir='ltr'>fecissent,</span> <span class='ocrx_word' id='word_1_197' title='bbox 1199 2882 1203 2894; x_wconf 90' lang='lat'><strong>·</strong></span> <span class='ocrx_word' id='word_1_198' title='bbox 1282 2911 1291 2938; x_wconf 23' lang='lat'>¹,</span> 
     </span>
     <span class='ocr_line' id='line_1_28' title="bbox 119 2951 1234 3038; baseline -0.003 -19"><span class='ocrx_word' id='word_1_199' title='bbox 119 2956 284 3038; x_wconf 71' lang='lat' dir='ltr'>ainoepta</span> <span class='ocrx_word' id='word_1_200' title='bbox 315 2973 472 3037; x_wconf 89' lang='lat' dir='ltr'>prospera</span> <span class='ocrx_word' id='word_1_201' title='bbox 501 2951 620 3015; x_wconf 78' lang='lat' dir='ltr'>futura</span> <span class='ocrx_word' id='word_1_202' title='bbox 665 2951 728 3016; x_wconf 90' lang='lat' dir='ltr'>hoc</span> <span class='ocrx_word' id='word_1_203' title='bbox 756 2951 878 3016; x_wconf 86' lang='lat' dir='ltr'>oraculi</span> <span class='ocrx_word' id='word_1_204' title='bbox 907 2973 1062 3035; x_wconf 89' lang='lat' dir='ltr'>responso</span> <span class='ocrx_word' id='word_1_205' title='bbox 1090 2952 1163 3016; x_wconf 90' lang='lat' dir='ltr'>Mil·</span> <span class='ocrx_word' id='word_1_206' title='bbox 1231 2963 1234 2972; x_wconf 83' lang='lat'><strong><em>‘</em></strong></span> 
     </span>
     <span class='ocr_line' id='line_1_29' title="bbox 155 3038 1291 3123; baseline -0.001 -18"><span class='ocrx_word' id='word_1_207' title='bbox 155 3042 258 3106; x_wconf 83' lang='lat' dir='ltr'>tiades</span> <span class='ocrx_word' id='word_1_208' title='bbox 279 3062 352 3105; x_wconf 88' lang='lat' dir='ltr'>eum</span> <span class='ocrx_word' id='word_1_209' title='bbox 371 3040 496 3104; x_wconf 87' lang='lat' dir='ltr'>delecta</span> <span class='ocrx_word' id='word_1_210' title='bbox 513 3060 611 3103; x_wconf 87' lang='lat' dir='ltr'>manu</span> <span class='ocrx_word' id='word_1_211' title='bbox 626 3040 728 3105; x_wconf 87' lang='lat' dir='ltr'>classe</span> <span class='ocrx_word' id='word_1_212' title='bbox 743 3038 981 3106; x_wconf 78' lang='lat' dir='ltr'>Chersonesum</span> <span class='ocrx_word' id='word_1_213' title='bbox 996 3039 1162 3123; x_wconf 88' lang='lat' dir='ltr'>profectus</span> <span class='ocrx_word' id='word_1_214' title='bbox 1289 3051 1291 3112; x_wconf 67' lang='lat' dir='ltr'>j</span> 
     </span>
     <span class='ocr_line' id='line_1_30' title="bbox 155 3125 1291 3200; baseline -0.002 -6"><span class='ocrx_word' id='word_1_215' title='bbox 155 3151 228 3194; x_wconf 89' lang='lat' dir='ltr'>eum</span> <span class='ocrx_word' id='word_1_216' title='bbox 252 3128 442 3193; x_wconf 85' lang='lat' dir='ltr'>accessisset</span> <span class='ocrx_word' id='word_1_217' title='bbox 465 3125 623 3192; x_wconf 85' lang='lat' dir='ltr'>Lemnum</span> <span class='ocrx_word' id='word_1_218' title='bbox 651 3131 684 3192; x_wconf 90' lang='lat' dir='ltr'>et</span> <span class='ocrx_word' id='word_1_219' title='bbox 711 3128 834 3194; x_wconf 88' lang='lat' dir='ltr'>incolas</span> <span class='ocrx_word' id='word_1_220' title='bbox 861 3129 930 3193; x_wconf 87' lang='lat' dir='ltr'>eius</span> <span class='ocrx_word' id='word_1_221' title='bbox 953 3128 1078 3193; x_wconf 85' lang='lat' dir='ltr'>insulae</span> <span class='ocrx_word' id='word_1_222' title='bbox 1103 3129 1162 3194; x_wconf 90' lang='lat' dir='ltr'>sub</span> <span class='ocrx_word' id='word_1_223' title='bbox 1290 3179 1291 3200; x_wconf 62' lang='grc'>,</span> 
     </span>
     <span class='ocr_line' id='line_1_31' title="bbox 178 3215 1184 3302; baseline 0 -20"><span class='ocrx_word' id='word_1_224' title='bbox 178 3220 354 3283; x_wconf 87' lang='lat' dir='ltr'>otestatem</span> <span class='ocrx_word' id='word_1_225' title='bbox 389 3216 535 3302; x_wconf 89' lang='lat' dir='ltr'>redigere</span> <span class='ocrx_word' id='word_1_226' title='bbox 568 3215 666 3280; x_wconf 85' lang='lat' dir='ltr'>vellet</span> <span class='ocrx_word' id='word_1_227' title='bbox 698 3215 961 3302; x_wconf 82' lang='lat' dir='ltr'>Atheniensium,</span> <span class='ocrx_word' id='word_1_228' title='bbox 997 3216 1094 3299; x_wconf 82' lang='lat' dir='ltr'>idque</span> <span class='ocrx_word' id='word_1_229' title='bbox 1129 3221 1184 3282; x_wconf 29' lang='lat' dir='ltr'>ot,</span> 
     </span>
     <span class='ocr_line' id='line_1_32' title="bbox 121 3242 1164 3389; baseline 0 -19"><span class='ocrx_word' id='word_1_230' title='bbox 121 3242 283 3371; x_wconf 61' lang='lat' dir='ltr'>sltemnii</span> <span class='ocrx_word' id='word_1_231' title='bbox 306 3326 364 3369; x_wconf 87' lang='lat' dir='ltr'>sua</span> <span class='ocrx_word' id='word_1_232' title='bbox 387 3308 503 3387; x_wconf 89' lang='lat' dir='ltr'>sponte</span> <span class='ocrx_word' id='word_1_233' title='bbox 526 3302 670 3368; x_wconf 87' lang='lat' dir='ltr'>facerent</span> <span class='ocrx_word' id='word_1_234' title='bbox 692 3304 901 3389; x_wconf 88' lang='lat' dir='ltr'>postulasset,</span> <span class='ocrx_word' id='word_1_235' title='bbox 924 3304 974 3368; x_wconf 92' lang='lat' dir='ltr'>illi</span> <span class='ocrx_word' id='word_1_236' title='bbox 992 3304 1164 3370; x_wconf 89' lang='lat' dir='ltr'>irridentes</span> 
     </span>
     <span class='ocr_line' id='line_1_33' title="bbox 155 3391 1163 3478; baseline -0.002 -19"><span class='ocrx_word' id='word_1_237' title='bbox 155 3395 391 3478; x_wconf 89' lang='lat' dir='ltr'>responderunt</span> <span class='ocrx_word' id='word_1_238' title='bbox 423 3397 493 3456; x_wconf 92' lang='lat' dir='ltr'>tum</span> <span class='ocrx_word' id='word_1_239' title='bbox 526 3393 559 3456; x_wconf 92' lang='lat' dir='ltr'>id</span> <span class='ocrx_word' id='word_1_240' title='bbox 592 3414 626 3457; x_wconf 89' lang='lat' dir='ltr'>se</span> <span class='ocrx_word' id='word_1_241' title='bbox 663 3391 827 3476; x_wconf 86' lang='lat' dir='ltr'>facturos,</span> <span class='ocrx_word' id='word_1_242' title='bbox 867 3415 940 3458; x_wconf 91' lang='lat' dir='ltr'>cum</span> <span class='ocrx_word' id='word_1_243' title='bbox 975 3391 1033 3457; x_wconf 89' lang='lat' dir='ltr'>ille</span> <span class='ocrx_word' id='word_1_244' title='bbox 1068 3395 1163 3460; x_wconf 93' lang='lat' dir='ltr'>domo</span> 
     </span>
     <span class='ocr_line' id='line_1_34' title="bbox 155 3479 1164 3566; baseline -0.005 -18"><span class='ocrx_word' id='word_1_245' title='bbox 155 3484 292 3548; x_wconf 82' lang='lat' dir='ltr'>navibus</span> <span class='ocrx_word' id='word_1_246' title='bbox 324 3481 490 3566; x_wconf 86' lang='lat' dir='ltr'>profectus</span> <span class='ocrx_word' id='word_1_247' title='bbox 518 3484 615 3546; x_wconf 87' lang='lat' dir='ltr'>vento</span> <span class='ocrx_word' id='word_1_248' title='bbox 646 3481 797 3565; x_wconf 88' lang='lat' dir='ltr'>aquilone</span> <span class='ocrx_word' id='word_1_249' title='bbox 827 3482 969 3548; x_wconf 76' lang='lat' dir='ltr'>venisset</span> <span class='ocrx_word' id='word_1_250' title='bbox 996 3479 1164 3548; x_wconf 82' lang='lat' dir='ltr'>Lemnum.</span> 
     </span>
     <span class='ocr_line' id='line_1_35' title="bbox 156 3571 1165 3653; baseline -0.001 -20"><span class='ocrx_word' id='word_1_251' title='bbox 156 3571 209 3637; x_wconf 89' lang='lat' dir='ltr'>hic</span> <span class='ocrx_word' id='word_1_252' title='bbox 233 3572 320 3636; x_wconf 92' lang='lat' dir='ltr'>enim</span> <span class='ocrx_word' id='word_1_253' title='bbox 342 3574 459 3635; x_wconf 84' lang='lat' dir='ltr'>ventus</span> <span class='ocrx_word' id='word_1_254' title='bbox 483 3571 523 3635; x_wconf 89' lang='lat' dir='ltr'>ab</span> <span class='ocrx_word' id='word_1_255' title='bbox 548 3571 835 3653; x_wconf 89' lang='lat' dir='ltr'>septemtrionibus</span> <span class='ocrx_word' id='word_1_256' title='bbox 860 3573 967 3637; x_wconf 86' lang='lat' dir='ltr'>oriens</span> <span class='ocrx_word' id='word_1_257' title='bbox 995 3572 1165 3635; x_wconf 83' lang='lat' dir='ltr'>adversum</span> 
     </span>
    </p>
   </div>
   <div class='ocr_carea' id='block_1_5' title="bbox 0 0 1304 3906">
    <p class='ocr_par' dir='ltr' id='par_1_5' title="bbox 0 0 1304 3906">
     <span class='ocr_line' id='line_1_36' title="bbox 0 0 1304 3906; baseline 0 0"><span class='ocrx_word' id='word_1_258' title='bbox 0 0 1304 3906; x_wconf 95' lang='lat' dir='ltr'> </span> 
     </span>
    </p>
   </div>
  </div>
 </body>
</html>
