2596 3910
454 247 513 304 XX.
532 237 730 306 TIMOLEON.
758 257 783 306 5.
1086 243 1129 321 85

122 390 208 474 quod
236 391 371 475 quisque
398 393 510 477 vellet,
542 393 669 480 legibus
702 396 851 480 experiri-
867 397 989 478 liceret.
1034 399 1162 486 idem,s

122 501 195 544 cum
223 479 356 562 quidem·
381 479 554 564 Laphystii
581 481 712 567 similis,
743 485 873 550 nomine
901 485 1128 571 Demaenetus,

121 567 155 632 in
178 567 328 634 contione
351 569 464 652 populi
487 569 641 634 derebus
660 571 762 656 gestis
782 573 851 638 aius
871 574 1040 643 detrahere
1059 597 1127 642 coe-

120 655 223 740 pisset
250 678 287 721 ac
313 657 470 722 nonnulla
498 657 704 724 inveheretur
731 659 766 726 in
793 660 1013 748 Timoleonta,
1045 663 1128 728 dixit

120 765 204 810 nunc
228 744 357 809 demum
381 766 415 810 se
437 745 507 810 voti
531 767 600 811 esse
623 748 826 814 damnatum:
855 771 995 835 namque
1022 750 1085 816 hoc
1109 773 1128 816 a
1173 747 1178 758 '

71 893 75 901 .
120 832 169 897 dis
197 832 438 898 immortalibus
466 855 594 918 semper
623 841 805 922 precatum,
836 842 875 904 ut
902 839 1003 904 talem
1032 839 1127 904 liber·

114 924 223 984 'tatem
241 921 429 986 restitueret
444 919 665 1008 Syracusanis,
687 925 722 989 in
745 939 809 1008 qua
831 926 933 992 cuivis
956 927 1070 992 liceret
1088 928 1126 993 de

121 1030 184 1092 quo
208 1009 307 1072 vellet
329 1011 410 1091 qaod
430 1011 515 1076 vellet
536 1011 668 1096 impune
691 1013 804 1078 dicere.

208 1095 272 1161 Hic
295 1118 369 1162 eum
391 1097 477 1164 diem
495 1120 682 1183 supremum
700 1101 832 1186 obisset,
854 1103 983 1186 publice
999 1101 1127 1188 aSyra
1145 1117 1172 1167 4-

121 1184 249 1250 cusa'nis
277 1184 311 1248 in
334 1187 519 1271 gymnasio,
549 1187 635 1270 quod
657 1187 917 1255 Timoleonteum
935 1191 1127 1276 appellatur,

120 1277 193 1338 tota
216 1272 399 1338 celebrante
424 1272 536 1338 Sicilia
558 1275 704 1358 sepultus
728 1280 786 1340 est.

517 1451 730 1462 ——--·.—

406 1575 500 1650 xxx.
529 1575 592 1648 on
620 1557 834 1651 auersus.
942 1570 944 1574 ·

208 1711 254 1776 Hi
266 1714 333 1778 fere
347 1713 479 1779 fuerunt
494 1712 635 1780 Graecae
649 1717 756 1802 gentis
770 1717 876 1802 duces,
895 1717 950 1802 qui
969 1719 1126 1784 memoria
1145 1718 1162 1782 1
1289 1723 1290 1726 ’

121 1800 212 1888 digni
234 1800 412 1886 videantur,
434 1805 563 1885 praeter
585 1825 693 1890 reges:
722 1826 862 1888 namque
885 1826 940 1871 eos
963 1807 1125 1893 attingere

66 1955 68 1959 ,
120 1889 294 1972 noluimus,
318 1889 403 1973 quod
427 1889 570 1954 omnium
588 1912 640 1954 ras
659 1895 771 1976 gestae
790 1895 966 1976 separatim
984 1899 1061 1958 sunt
1078 1917 1125 1959 re·
1195 1895 1203 1904 “

120 1980 215 2044 latae.
247 1998 350 2060 neque
373 1981 483 2041 tamen
505 1977 529 2040 ii
548 1977 720 2042 admodum
739 1983 815 2043 sunt
833 1981 941 2044 multi
970 1979 1160 2047 Lacedae-a

121 2065 249 2131 menius
273 2069 382 2128 autem
404 2063 577 2150 Agesilaus
604 2066 748 2150 nomine,
776 2087 853 2130 non.
869 2071 1034 2152 potestate
1061 2067 1125 2133 fuit

120 2177 186 2238 rex,
210 2153 295 2218 siout
314 2153 413 2218 ceteri
428 2151 589 2237 Spartani.
624 2175 663 2218 ex
681 2153 721 2218 iis
740 2175 826 2238 vero,
849 2155 905 2238 qui
923 2155 1126 2220 dominatum

113 2243 257 2326 imperio
271 2245 455 2325 tenuerunt,
477 2241 741 2307 excellentissimi
758 2242 899 2328 fuerunt,
917 2247 955 2308 ut
967 2265 1028 2310 nos
1046 2244 1126 2308 iudi-

121 2352 240 2416 camus,
253 2330 426 2396 Persarum
440 2328 544 2414 Cyrus
559 2335 592 2396 ct
605 2329 734 2416 Darius,
752 2329 912 2416 Hystaspi
929 2332 1026 2417 filius,
1050 2353 1126 2416 quo-

67 2433 82 2466 -’
120 2442 192 2485 rum
205 2424 341 2504 uterque
354 2419 501 2504 privatus
515 2419 636 2484 virtute
650 2441 785 2506 regnum
800 2424 850 2484 est
864 2420 1009 2506 adeptus.
1036 2421 1126 2505 prior
1205 2481 1213 2494 ,

119 2509 237 2574 horum
260 2509 345 2593 apud
362 2507 564 2594 Massagetas
587 2509 622 2573 in
644 2509 768 2592 proelio
788 2509 913 2595 cecidit,
934 2507 1055 2576 Darius
1079 2530 1125 2574 se

119 2600 251 2661 nectuta
284 2595 369 2665 diem
397 2596 480 2660 obiit
512 2618 706 2680 supremum.
751 2601 818 2661 tres
851 2601 927 2662 sunt
958 2602 1160 2680 praetereas
1243 2655 1249 2666 .

121 2684 265 2749 eiusdem
287 2683 407 2768 gentis:
429 2681 552 2747 Xerxes
575 2687 609 2747 et
631 2684 693 2748 duo
713 2685 921 2767 Artaxerxae,
943 2683 1126 2750 Macrochir

121 2772 312 2858 cognomine
327 2775 360 2835 et
374 2769 536 2835 Mnemon.
559 2769 659 2835 Xerxi
672 2771 811 2835 maxime
825 2776 876 2836 est
889 2771 1026 2856 illustre,
1040 2772 1126 2856 quod

121 2860 271 2926 maximis
284 2863 361 2943 post
373 2859 543 2924 hominum
556 2859 746 2924 memoriam
760 2859 954 2924 exercitibus
964 2863 1053 2923 terra
1062 2880 1127 2922 ma-

120 2950 211 3032 rique
225 2947 348 3037 bellum
363 2947 477 3012 intulit
492 2945 653 3012 Graeciae.
677 2952 712 3012 at
724 2946 908 3012 Macrochir
920 2947 1162 3031 praecipuama

120 3037 357 3101 habetlaudem
367 3035 587 3120 amplissimae
598 3035 898 3120 pulcherrimaeque
909 3035 1054 3119 corporis
1063 3034 1127 3100 for·
1141 3067 1143 3072 η

121 3145 201 3206 mae,
216 3145 314 3206 quam
327 3124 510 3190 incredibili
524 3125 652 3189 ornavit
665 3126 786 3189 virtute
800 3123 893 3188 belli:
915 3144 1054 3207 namque
1068 3124 1127 3189 illo

121 3211 236 3275 Perses
245 3233 340 3276 nemo
350 3234 448 3277 manu
461 3211 526 3276 fuit
540 3212 667 3277 fortior.
690 3211 845 3276 Mnemon
858 3215 967 3277 autem
981 3212 1126 3276 iustitiae

120 3299 208 3363 fama
220 3299 340 3363 floruit.
357 3321 434 3364 nam
444 3322 518 3364 cum
532 3301 647 3365 matris
662 3321 738 3365 suae
749 3301 868 3365 scelere
879 3300 1043 3364 amisisset
1052 3321 1127 3364 uxo-

120 3410 198 3471 rem,
216 3390 345 3452 tantum
363 3388 499 3464 indulsit
512 3389 626 3472 dolori,
644 3392 682 3470 ut
696 3409 769 3453 eum
782 3389 888 3472 pietas
902 3389 1055 3453 vinceret.
1089 3401 1162 3449 exe

119 3477 171 3540 his
191 3475 253 3540 duo
265 3474 383 3545 ,eodem
400 3476 531 3540 nomine
548 3476 662 3540 morbo
676 3481 812 3541 naturae
827 3477 973 3540 debitum
986 3472 1129 3536 reddide-

119 3567 204 3646 runt,
219 3563 337 3650 tertius
348 3563 389 3628 ab
398 3562 565 3628 Artabano
575 3563 739 3649 praefecto
749 3563 836 3630 ferro
846 3564 1061 3644 interemptus
1070 3563 1129 3624 est.
