2596 3910
144 253 209 318 100
276 274 278 278 ·
462 248 547 305 xxv,
566 246 727 304 ATTIOUS.
759 253 782 302 ι.
802 253 826 302 2.

107 413 123 462 5
230 395 336 462 Huius
360 395 490 460 devita
513 398 547 459 et
569 393 714 458 moribus
738 393 834 478 plura
855 391 890 456 in
912 411 951 456 eo
974 390 1059 456 libro
1082 413 1154 474 per-

144 485 247 552 secuti
274 505 399 568 sumus,
430 505 525 566 quem
548 481 725 565 separatim
748 480 787 545 de
811 501 848 545 eo
873 479 1009 544 fecimus
1032 483 1155 564 rogatu

142 571 178 636 T.
196 571 369 656 Pomponii
392 570 505 636 Attici.
543 592 641 653 quare
664 568 829 634 studiosos
849 566 984 633 Catonis
1007 567 1048 632 ad
1071 567 1154 631 illud

142 660 294 727 volumen
316 660 512 745 delegamus.

542 815 753 826 *-

474 959 583 1035 XXV.
611 957 823 1034 ATTIOUS.

109 1100 126 1164 1
230 1097 266 1163 Τ.
289 1097 489 1183 Pomponius
512 1098 658 1182 Atticus,
687 1099 727 1162 ab
751 1097 877 1183 origine
899 1096 1017 1162 ultima
1039 1096 1153 1180 stirpis

142 1185 309 1253 Romanae
337 1191 526 1273 generatus,
554 1190 713 1273 perpetuo
737 1185 956 1251 a'maioribus
985 1189 1152 1268 acceptam

108 1280 329 1360 sequestrem
357 1275 501 1340 obtinuit
529 1274 733 1360 dignitatem
778 1277 872 1358 patre
898 1293 977 1337 usus
1005 1276 1056 1337 est
1083 1273 1154 1337 dili-

144 1368 241 1450 gente
273 1368 321 1448 st,
351 1366 390 1428 nt
421 1367 492 1428 tum
524 1367 618 1428 erant
650 1367 814 1447 tempora,
847 1361 908 1426 diti
939 1360 1154 1444 inprimisque

144 1452 291 1518 studioso
313 1451 508 1516 litterarum.
553 1451 623 1533 hio,
644 1455 743 1534 prout
766 1451 837 1534 ipso
860 1449 993 1514 amabat
1014 1449 1154 1534 litteras,

144 1540 296 1605 omnibns
328 1538 504 1622 doctrinis,
541 1538 658 1623 quibus
694 1538 829 1622 puerilis
863 1541 954 1602 aetas
990 1537 1154 1621 impertiri

108 1628 254 1710 adstet,
281 1627 385 1691 filium
413 1625 561 1691 erudivit
607 1629 678 1690 erat
706 1630 815 1689 autem
842 1626 878 1690 in
899 1647 1000 1710 puero
1023 1630 1154 1710 practer

119 1723 122 1726 '
144 1714 346 1779 docilitatem
372 1713 495 1799 ingenii
525 1734 653 1778 summa
675 1714 819 1778 suavitas
844 1714 911 1778 oris
934 1717 1032 1797 atque
1054 1715 1154 1798 vocis,

142 1806 265 1866 utnon
283 1801 389 1866 solum
408 1800 557 1865 celeriter
575 1801 737 1885 acciperet
754 1823 837 1886 quae
856 1801 1078 1886 tradebantur,
1097 1802 1154 1867 sed

143 1889 243 1955 etiam
261 1888 455 1955 excellenter
476 1890 713 1974 pronuntiaret.
749 1911 814 1974 qua
839 1911 878 1954 ex
902 1911 937 1954 re
960 1890 995 1954 in
1012 1891 1155 1974 pueritia
1289 1905 1290 1912 ’

142 1978 262 2044 nobilis
295 1977 381 2043 inter
413 1979 563 2062 aequales
595 1977 762 2043 ferebatur
793 1979 976 2061 clariusque
1008 1979 1154 2063 exsplen-

146 2067 311 2150 descebat,
349 2087 446 2150 quam
480 2067 630 2152 generosi
662 2065 876 2151 condiscipuli
908 2066 1016 2131 animo
1049 2087 1153 2151 aequo
1288 2097 1289 2140 3

108 2154 228 2220 sferre
251 2158 396 2239 possent.
429 2154 541 2239 itaquo
559 2154 719 2219 incitabat
738 2175 850 2220 omnes
868 2153 977 2219 studio
996 2175 1065 2239 suo,
1088 2175 1153 2238 quo

144 2243 179 2307 in
209 2265 344 2308 numero
376 2242 508 2308 fuenmt
539 2241 575 2307 L.
603 2241 806 2326 Torquatus,
838 2240 873 2308 (l.
900 2241 1025 2308 Marius
1056 2241 1154 2328 filius,

145 2329 190 2395 M.
214 2330 342 2397 Cicero:
380 2352 461 2414 quos
490 2331 722 2396 consuetudins
755 2352 814 2394 suc
846 2330 893 2396 sic
925 2330 1085 2417 devinxit,
1115 2336 1154 2398 ut

144 2439 239 2483 nemo
262 2418 303 2482 iis
326 2422 484 2501 perpetua
505 2419 570 2482 vita
592 2417 692 2494 fuerit
715 2418 827 2483 carior.

109 2508 130 2572 2
232 2504 332 2569 Pater
354 2508 481 2570 mature
504 2505 652 2570 decessit.
685 2505 755 2590 ipse
774 2505 1036 2572 adulescentulus
1058 2529 1154 2593 prop·

145 2597 196 2658 tar
219 2591 414 2658 affinitatem
436 2591 473 2658 P.
496 2590 647 2678 Sulpicii,
674 2593 731 2678 qui
753 2594 904 2660 tribunus
927 2596 1035 2680 plebei
1057 2595 1154 2662 inter·

144 2680 250 2748 fectus
278 2685 342 2766 est,
373 2702 441 2747 non
469 2703 583 2766 expers
615 2681 680 2747 fuit
711 2682 800 2747 illius
830 2683 979 2766 periculi:
1014 2706 1154 2769 namque

145 2769 275 2856 Anicia,
297 2769 470 2855 Pomponii
494 2771 701 2855 consobrina,
722 2775 880 2855 nupserat
903 2769 1029 2856 Servio,
1058 2772 1155 2838 fratri

111 2875 127 2924 s
148 2857 292 2943 Sulpicii.
337 2859 448 2942 itaqua
471 2858 644 2924 interfecto
669 2857 813 2944 Sulpicio
836 2863 1050 2944 posteaquam
1072 2861 1156 2926 vidit

146 2946 292 3013 Cinnano
320 2947 464 3013 tumultu
494 2947 661 3013 ciuitatem
691 2967 761 3012 esse
792 2949 1018 3032 perturbatam
1049 2970 1155 3032 neque

147 3035 210 3099 sibi
229 3035 298 3100 dari
316 3034 508 3100 facultatem
526 3057 586 3120 pro
605 3035 765 3120 dignitate
779 3035 916 3120 vivendi,
939 3037 1018 3120 quin
1036 3036 1156 3103 alteru-

146 3127 231 3186 tram
250 3126 377 3206 partem
397 3123 582 3208 offenderet,
601 3123 785 3189 dissociatis
803 3125 920 3189 animis
935 3125 1063 3210 cisium,
1081 3147 1155 3192 cum

147 3209 203 3274 alii
228 3207 379 3294 Sullanis,
402 3211 459 3276 alii
477 3210 632 3277 Cinnanis
655 3210 802 3277 faverent
824 3213 982 3298 partibus,
1004 3214 1156 3280 idoneum

147 3302 275 3381 tempus
299 3301 390 3362 ratus
414 3298 531 3363 studiis
555 3301 754 3383 obsequendi
776 3301 844 3366 suis
863 3300 1010 3366 Athenas
1030 3323 1064 3368 ss
1083 3324 1156 3368 con·

147 3385 233 3450 tulit.
278 3404 382 3468 neque
406 3407 443 3449 eo
467 3386 569 3450 setius
593 3387 833 3452 adulescentem
855 3387 997 3454 Marium
1026 3391 1156 3458 hostem

148 3472 325 3538 indicatum
347 3472 431 3537 iuvit
454 3473 570 3556 opibus
594 3475 670 3558 suis,
693 3475 783 3540 cuius
802 3475 914 3562 fugam
933 3479 1156 3561 pecuniasub·

112 3559 275 3624 clevavit
317 3580 355 3626 ac
379 3581 419 3625 ne
446 3559 504 3624 illa
526 3562 746 3646 peregrinatio
769 3563 1002 3630 detrimentum
1024 3567 1154 3650 aliquod
