<?xml version="1.0" encoding="UTF-8"?>
<!DOCTYPE html PUBLIC "-//W3C//DTD XHTML 1.0 Transitional//EN"
    "http://www.w3.org/TR/xhtml1/DTD/xhtml1-transitional.dtd">
<html xmlns="http://www.w3.org/1999/xhtml" xml:lang="en" lang="en">
 <head>
  <title>
</title>
<meta http-equiv="Content-Type" content="text/html;charset=utf-8" />
  <meta name='ocr-system' content='tesseract 3.04.00' />
  <meta name='ocr-capabilities' content='ocr_page ocr_carea ocr_par ocr_line ocrx_word'/>
</head>
<body>
  <div class='ocr_page' id='page_1' title='image "./corneliinepotis21nepogoog_0020.png"; bbox 0 0 2598 3906; ppageno 0'>
   <div class='ocr_carea' id='block_1_1' title="bbox 437 181 1150 249">
    <p class='ocr_par' dir='ltr' id='par_1_1' title="bbox 437 181 1150 249">
     <span class='ocr_line' id='line_1_1' title="bbox 437 181 1150 249; baseline 0.018 -13"><span class='ocrx_word' id='word_1_1' title='bbox 437 181 472 236; x_wconf 86' lang='lat'><strong>11.</strong></span> <span class='ocrx_word' id='word_1_2' title='bbox 495 181 778 239; x_wconf 82' lang='lat' dir='ltr'><strong>THEMISTOGLES.</strong></span> <span class='ocrx_word' id='word_1_3' title='bbox 806 190 884 239; x_wconf 76' lang='lat'>2-4.</span> <span class='ocrx_word' id='word_1_4' title='bbox 1130 186 1150 249; x_wconf 91' lang='lat'>9</span> 
     </span>
    </p>
   </div>
   <div class='ocr_carea' id='block_1_2' title="bbox 140 326 1191 1360">
    <p class='ocr_par' dir='ltr' id='par_1_2' title="bbox 140 326 1186 850">
     <span class='ocr_line' id='line_1_2' title="bbox 142 326 1186 413; baseline 0.004 -22"><span class='ocrx_word' id='word_1_5' title='bbox 142 348 163 391; x_wconf 90' lang='lat' dir='ltr'><strong>a</strong></span> <span class='ocrx_word' id='word_1_6' title='bbox 181 327 240 391; x_wconf 88' lang='lat' dir='ltr'><strong>deo</strong></span> <span class='ocrx_word' id='word_1_7' title='bbox 259 326 437 413; x_wconf 87' lang='lat' dir='ltr'><strong>significari</strong></span> <span class='ocrx_word' id='word_1_8' title='bbox 456 347 586 391; x_wconf 89' lang='lat' dir='ltr'><strong>murum</strong></span> <span class='ocrx_word' id='word_1_9' title='bbox 603 326 756 412; x_wconf 88' lang='lat' dir='ltr'><strong>ligneum.</strong></span> <span class='ocrx_word' id='word_1_10' title='bbox 785 327 845 392; x_wconf 87' lang='lat' dir='ltr'><strong>tali</strong></span> <span class='ocrx_word' id='word_1_11' title='bbox 861 328 997 393; x_wconf 88' lang='lat' dir='ltr'><strong>oonsilio</strong></span> <span class='ocrx_word' id='word_1_12' title='bbox 1011 330 1150 413; x_wconf 90' lang='lat' dir='ltr'><strong>probato</strong></span> <span class='ocrx_word' id='word_1_13' title='bbox 1169 345 1186 394; x_wconf 83' lang='grc'><strong>8</strong></span> 
     </span>
     <span class='ocr_line' id='line_1_3' title="bbox 143 414 1150 502; baseline 0.004 -24"><span class='ocrx_word' id='word_1_14' title='bbox 143 414 265 479; x_wconf 84' lang='lat' dir='ltr'><strong>addunt</strong></span> <span class='ocrx_word' id='word_1_15' title='bbox 292 414 333 478; x_wconf 89' lang='lat' dir='ltr'><strong>ad</strong></span> <span class='ocrx_word' id='word_1_16' title='bbox 361 415 544 498; x_wconf 76' lang='lat' dir='ltr'><strong>superiores</strong></span> <span class='ocrx_word' id='word_1_17' title='bbox 572 415 710 478; x_wconf 89' lang='lat' dir='ltr'><strong>totidem</strong></span> <span class='ocrx_word' id='word_1_18' title='bbox 734 435 832 480; x_wconf 87' lang='lat' dir='ltr'><strong>naves</strong></span> <span class='ocrx_word' id='word_1_19' title='bbox 856 416 1005 481; x_wconf 88' lang='lat' dir='ltr'><strong>triremes</strong></span> <span class='ocrx_word' id='word_1_20' title='bbox 1029 437 1150 502; x_wconf 88' lang='lat' dir='ltr'><strong>suaque</strong></span> 
     </span>
     <span class='ocr_line' id='line_1_4' title="bbox 142 501 1151 589; baseline 0.002 -22"><span class='ocrx_word' id='word_1_21' title='bbox 142 503 260 586; x_wconf 87' lang='lat' dir='ltr'><strong>omnia,</strong></span> <span class='ocrx_word' id='word_1_22' title='bbox 280 521 362 586; x_wconf 91' lang='lat' dir='ltr'><strong>quae</strong></span> <span class='ocrx_word' id='word_1_23' title='bbox 378 503 503 567; x_wconf 84' lang='lat' dir='ltr'><strong>moveri</strong></span> <span class='ocrx_word' id='word_1_24' title='bbox 521 506 682 587; x_wconf 84' lang='lat' dir='ltr'><strong>potarent,</strong></span> <span class='ocrx_word' id='word_1_25' title='bbox 700 504 822 586; x_wconf 86' lang='lat' dir='ltr'><strong>partim</strong></span> <span class='ocrx_word' id='word_1_26' title='bbox 837 501 1010 589; x_wconf 78' lang='lat' dir='ltr'><strong>Salamina,</strong></span> <span class='ocrx_word' id='word_1_27' title='bbox 1029 505 1151 588; x_wconf 88' lang='lat' dir='ltr'><strong>partim</strong></span> 
     </span>
     <span class='ocr_line' id='line_1_5' title="bbox 140 589 1151 676; baseline 0.003 -22"><span class='ocrx_word' id='word_1_28' title='bbox 140 589 305 654; x_wconf 77' lang='lat' dir='ltr'>Troezena</span> <span class='ocrx_word' id='word_1_29' title='bbox 319 590 508 674; x_wconf 87' lang='lat' dir='ltr'><strong>deportant:</strong></span> <span class='ocrx_word' id='word_1_30' title='bbox 526 611 633 656; x_wconf 86' lang='lat' dir='ltr'><strong>arcem</strong></span> <span class='ocrx_word' id='word_1_31' title='bbox 650 591 872 656; x_wconf 87' lang='lat' dir='ltr'><strong>sacerdotibus</strong></span> <span class='ocrx_word' id='word_1_32' title='bbox 891 592 1067 676; x_wconf 80' lang='lat' dir='ltr'><strong>paucisque</strong></span> <span class='ocrx_word' id='word_1_33' title='bbox 1086 614 1151 657; x_wconf 78' lang='lat' dir='ltr'><strong>ma</strong></span> 
     </span>
     <span class='ocr_line' id='line_1_6' title="bbox 141 677 1151 764; baseline 0.003 -22"><span class='ocrx_word' id='word_1_34' title='bbox 141 678 269 742; x_wconf 84' lang='lat' dir='ltr'><strong>ioribus</strong></span> <span class='ocrx_word' id='word_1_35' title='bbox 293 682 375 743; x_wconf 88' lang='lat' dir='ltr'><strong>natu</strong></span> <span class='ocrx_word' id='word_1_36' title='bbox 398 677 439 742; x_wconf 91' lang='lat' dir='ltr'><strong>ad</strong></span> <span class='ocrx_word' id='word_1_37' title='bbox 467 697 558 744; x_wconf 86' lang='lat' dir='ltr'><strong>saera</strong></span> <span class='ocrx_word' id='word_1_38' title='bbox 584 680 787 762; x_wconf 86' lang='lat' dir='ltr'><strong>procuranda</strong></span> <span class='ocrx_word' id='word_1_39' title='bbox 814 679 961 764; x_wconf 86' lang='lat' dir='ltr'><strong>tradunt,</strong></span> <span class='ocrx_word' id='word_1_40' title='bbox 989 680 1151 764; x_wconf 89' lang='lat' dir='ltr'><strong>reliquum</strong></span> 
     </span>
     <span class='ocr_line' id='line_1_7' title="bbox 142 765 518 850; baseline 0 -20"><span class='ocrx_word' id='word_1_41' title='bbox 142 765 297 850; x_wconf 89' lang='lat' dir='ltr'><strong>oppidum</strong></span> <span class='ocrx_word' id='word_1_42' title='bbox 320 766 518 850; x_wconf 89' lang='lat' dir='ltr'><strong>relinquunt.</strong></span> 
     </span>
    </p>

    <p class='ocr_par' dir='ltr' id='par_1_3' title="bbox 140 853 1191 1360">
     <span class='ocr_line' id='line_1_8' title="bbox 229 853 1191 941; baseline 0.004 -23"><span class='ocrx_word' id='word_1_43' title='bbox 229 853 337 918; x_wconf 88' lang='lat' dir='ltr'><strong>Huius</strong></span> <span class='ocrx_word' id='word_1_44' title='bbox 360 854 533 919; x_wconf 87' lang='lat' dir='ltr'><strong>consilium</strong></span> <span class='ocrx_word' id='word_1_45' title='bbox 555 855 718 939; x_wconf 90' lang='lat' dir='ltr'><strong>plerisque</strong></span> <span class='ocrx_word' id='word_1_46' title='bbox 743 856 932 921; x_wconf 83' lang='lat' dir='ltr'><strong>civitatibus</strong></span> <span class='ocrx_word' id='word_1_47' title='bbox 956 857 1191 941; x_wconf 84' lang='lat' dir='ltr'><strong>displicebat3</strong></span> 
     </span>
     <span class='ocr_line' id='line_1_9' title="bbox 141 942 1152 1029; baseline 0.004 -24"><span class='ocrx_word' id='word_1_48' title='bbox 141 942 227 1006; x_wconf 92' lang='lat' dir='ltr'><strong>etin</strong></span> <span class='ocrx_word' id='word_1_49' title='bbox 246 945 334 1006; x_wconf 89' lang='lat' dir='ltr'><strong>terra</strong></span> <span class='ocrx_word' id='word_1_50' title='bbox 352 942 500 1007; x_wconf 84' lang='lat' dir='ltr'><strong>dimicari</strong></span> <span class='ocrx_word' id='word_1_51' title='bbox 518 943 624 1029; x_wconf 83' lang='lat' dir='ltr'><strong>magis</strong></span> <span class='ocrx_word' id='word_1_52' title='bbox 642 944 800 1027; x_wconf 75' lang='lat' dir='ltr'><strong>placebat.</strong></span> <span class='ocrx_word' id='word_1_53' title='bbox 832 945 944 1028; x_wconf 85' lang='lat' dir='ltr'><strong>itaque</strong></span> <span class='ocrx_word' id='word_1_54' title='bbox 963 945 1152 1009; x_wconf 85' lang='lat' dir='ltr'><strong>missisunt</strong></span> 
     </span>
     <span class='ocr_line' id='line_1_10' title="bbox 141 1027 1151 1118; baseline 0.004 -26"><span class='ocrx_word' id='word_1_55' title='bbox 141 1029 259 1094; x_wconf 89' lang='lat' dir='ltr'><strong>delecti</strong></span> <span class='ocrx_word' id='word_1_56' title='bbox 278 1049 351 1094; x_wconf 89' lang='lat' dir='ltr'><strong>curn</strong></span> <span class='ocrx_word' id='word_1_57' title='bbox 364 1027 517 1114; x_wconf 81' lang='lat' dir='ltr'><strong>Leonida,</strong></span> <span class='ocrx_word' id='word_1_58' title='bbox 535 1029 865 1097; x_wconf 76' lang='lat' dir='ltr'><strong>Lacedaemoniorum</strong></span> <span class='ocrx_word' id='word_1_59' title='bbox 879 1053 964 1118; x_wconf 91' lang='lat' dir='ltr'><strong>rege,</strong></span> <span class='ocrx_word' id='word_1_60' title='bbox 983 1032 1039 1116; x_wconf 89' lang='lat' dir='ltr'><strong>qui</strong></span> <span class='ocrx_word' id='word_1_61' title='bbox 1053 1033 1151 1097; x_wconf 80' lang='lat' dir='ltr'><strong>Ther-</strong></span> 
     </span>
     <span class='ocr_line' id='line_1_11' title="bbox 141 1117 1151 1206; baseline 0.005 -26"><span class='ocrx_word' id='word_1_62' title='bbox 141 1117 291 1200; x_wconf 86' lang='lat' dir='ltr'><strong>mopylas</strong></span> <span class='ocrx_word' id='word_1_63' title='bbox 312 1122 506 1201; x_wconf 79' lang='lat' dir='ltr'><strong>occuparent</strong></span> <span class='ocrx_word' id='word_1_64' title='bbox 524 1119 719 1204; x_wconf 82' lang='lat' dir='ltr'><strong>longiusque</strong></span> <span class='ocrx_word' id='word_1_65' title='bbox 737 1121 895 1184; x_wconf 85' lang='lat' dir='ltr'><strong>barbaros</strong></span> <span class='ocrx_word' id='word_1_66' title='bbox 913 1120 1066 1206; x_wconf 78' lang='lat' dir='ltr'><strong>progredi</strong></span> <span class='ocrx_word' id='word_1_67' title='bbox 1084 1141 1151 1186; x_wconf 91' lang='lat' dir='ltr'><strong>non</strong></span> 
     </span>
     <span class='ocr_line' id='line_1_12' title="bbox 140 1205 1150 1292; baseline 0.006 -25"><span class='ocrx_word' id='word_1_68' title='bbox 140 1208 341 1287; x_wconf 88' lang='lat' dir='ltr'><strong>paterentur.</strong></span> <span class='ocrx_word' id='word_1_69' title='bbox 385 1205 411 1268; x_wconf 90' lang='lat' dir='ltr'><strong>ii</strong></span> <span class='ocrx_word' id='word_1_70' title='bbox 433 1205 500 1270; x_wconf 84' lang='lat' dir='ltr'><strong>vim</strong></span> <span class='ocrx_word' id='word_1_71' title='bbox 525 1205 673 1270; x_wconf 87' lang='lat' dir='ltr'><strong>hostium</strong></span> <span class='ocrx_word' id='word_1_72' title='bbox 698 1227 765 1271; x_wconf 91' lang='lat' dir='ltr'><strong>non</strong></span> <span class='ocrx_word' id='word_1_73' title='bbox 795 1208 1020 1273; x_wconf 88' lang='lat' dir='ltr'><strong>sustinuerunt</strong></span> <span class='ocrx_word' id='word_1_74' title='bbox 1048 1229 1150 1292; x_wconf 90' lang='lat' dir='ltr'><strong>eoque</strong></span> 
     </span>
     <span class='ocr_line' id='line_1_13' title="bbox 141 1292 1186 1360; baseline 0.002 -4"><span class='ocrx_word' id='word_1_75' title='bbox 141 1293 214 1356; x_wconf 91' lang='lat' dir='ltr'><strong>loco</strong></span> <span class='ocrx_word' id='word_1_76' title='bbox 234 1313 346 1357; x_wconf 86' lang='lat' dir='ltr'><strong>omnes</strong></span> <span class='ocrx_word' id='word_1_77' title='bbox 369 1292 572 1357; x_wconf 85' lang='lat' dir='ltr'><strong>interierunt.</strong></span> <span class='ocrx_word' id='word_1_78' title='bbox 607 1297 643 1357; x_wconf 85' lang='lat' dir='ltr'><strong>at</strong></span> <span class='ocrx_word' id='word_1_79' title='bbox 660 1294 774 1358; x_wconf 86' lang='lat' dir='ltr'><strong>classis</strong></span> <span class='ocrx_word' id='word_1_80' title='bbox 794 1296 975 1360; x_wconf 90' lang='lat' dir='ltr'><strong>communis</strong></span> <span class='ocrx_word' id='word_1_81' title='bbox 995 1294 1149 1360; x_wconf 84' lang='lat' dir='ltr'><strong>Graeciae</strong></span> <span class='ocrx_word' id='word_1_82' title='bbox 1168 1310 1186 1358; x_wconf 80' lang='lat' dir='ltr'><strong>a</strong></span> 
     </span>
    </p>
   </div>
   <div class='ocr_carea' id='block_1_3' title="bbox 141 1380 1289 1465">
    <p class='ocr_par' dir='ltr' id='par_1_4' title="bbox 141 1380 1289 1465">
     <span class='ocr_line' id='line_1_14' title="bbox 141 1380 1289 1465; baseline 0.003 -21"><span class='ocrx_word' id='word_1_83' title='bbox 141 1383 362 1445; x_wconf 85' lang='lat' dir='ltr'><strong>trecentarum</strong></span> <span class='ocrx_word' id='word_1_84' title='bbox 383 1380 524 1465; x_wconf 83' lang='lat' dir='ltr'><strong>narium,</strong></span> <span class='ocrx_word' id='word_1_85' title='bbox 546 1381 582 1446; x_wconf 84' lang='lat' dir='ltr'><strong>in</strong></span> <span class='ocrx_word' id='word_1_86' title='bbox 605 1403 670 1465; x_wconf 89' lang='lat' dir='ltr'><strong>qua</strong></span> <span class='ocrx_word' id='word_1_87' title='bbox 687 1382 844 1447; x_wconf 75' lang='lat' dir='ltr'><strong>ducentae</strong></span> <span class='ocrx_word' id='word_1_88' title='bbox 863 1386 956 1446; x_wconf 86' lang='lat' dir='ltr'><strong>erant</strong></span> <span class='ocrx_word' id='word_1_89' title='bbox 974 1381 1151 1447; x_wconf 83' lang='lat' dir='ltr'><strong>Athenien·</strong></span> <span class='ocrx_word' id='word_1_90' title='bbox 1284 1457 1289 1464; x_wconf 27' lang='lat'>¹</span> 
     </span>
    </p>
   </div>
   <div class='ocr_carea' id='block_1_4' title="bbox 140 1467 1189 2253">
    <p class='ocr_par' dir='ltr' id='par_1_5' title="bbox 140 1467 1189 2253">
     <span class='ocr_line' id='line_1_15' title="bbox 142 1467 1151 1553; baseline 0.003 -21"><span class='ocrx_word' id='word_1_91' title='bbox 142 1467 242 1552; x_wconf 90' lang='lat' dir='ltr'><strong>sium,</strong></span> <span class='ocrx_word' id='word_1_92' title='bbox 264 1469 407 1553; x_wconf 90' lang='lat' dir='ltr'><strong>primum</strong></span> <span class='ocrx_word' id='word_1_93' title='bbox 429 1469 515 1553; x_wconf 84' lang='lat' dir='ltr'><strong>apud</strong></span> <span class='ocrx_word' id='word_1_94' title='bbox 537 1468 755 1534; x_wconf 79' lang='lat' dir='ltr'><strong>Artemisium</strong></span> <span class='ocrx_word' id='word_1_95' title='bbox 778 1470 864 1534; x_wconf 91' lang='lat' dir='ltr'><strong>inter</strong></span> <span class='ocrx_word' id='word_1_96' title='bbox 885 1469 1055 1535; x_wconf 77' lang='lat' dir='ltr'><strong>Euboeam</strong></span> <span class='ocrx_word' id='word_1_97' title='bbox 1078 1491 1151 1535; x_wconf 94' lang='lat' dir='ltr'><strong>con-</strong></span> 
     </span>
     <span class='ocr_line' id='line_1_16' title="bbox 141 1555 1150 1645; baseline 0.002 -25"><span class='ocrx_word' id='word_1_98' title='bbox 141 1555 364 1640; x_wconf 90' lang='lat' dir='ltr'><strong>tinentemque</strong></span> <span class='ocrx_word' id='word_1_99' title='bbox 396 1561 518 1621; x_wconf 87' lang='lat' dir='ltr'><strong>terram</strong></span> <span class='ocrx_word' id='word_1_100' title='bbox 550 1577 625 1622; x_wconf 90' lang='lat' dir='ltr'><strong>cum</strong></span> <span class='ocrx_word' id='word_1_101' title='bbox 658 1558 833 1622; x_wconf 77' lang='lat' dir='ltr'><strong>classiariis</strong></span> <span class='ocrx_word' id='word_1_102' title='bbox 866 1558 965 1645; x_wconf 88' lang='lat' dir='ltr'><strong>regiis</strong></span> <span class='ocrx_word' id='word_1_103' title='bbox 996 1558 1150 1623; x_wconf 85' lang='lat' dir='ltr'><strong>conflixit.</strong></span> 
     </span>
     <span class='ocr_line' id='line_1_17' title="bbox 142 1644 1150 1730; baseline 0.003 -23"><span class='ocrx_word' id='word_1_104' title='bbox 142 1644 310 1729; x_wconf 83' lang='lat' dir='ltr'><strong>angustias</strong></span> <span class='ocrx_word' id='word_1_105' title='bbox 338 1645 426 1709; x_wconf 91' lang='lat' dir='ltr'><strong>enim</strong></span> <span class='ocrx_word' id='word_1_106' title='bbox 452 1645 689 1711; x_wconf 86' lang='lat' dir='ltr'><strong>Themistocles</strong></span> <span class='ocrx_word' id='word_1_107' title='bbox 718 1647 908 1730; x_wconf 88' lang='lat' dir='ltr'><strong>quaerebat,</strong></span> <span class='ocrx_word' id='word_1_108' title='bbox 935 1667 975 1710; x_wconf 89' lang='lat' dir='ltr'><strong>ne</strong></span> <span class='ocrx_word' id='word_1_109' title='bbox 1003 1647 1150 1710; x_wconf 91' lang='lat' dir='ltr'><strong>multitu-</strong></span> 
     </span>
     <span class='ocr_line' id='line_1_18' title="bbox 141 1727 1188 1818; baseline 0.004 -23"><span class='ocrx_word' id='word_1_110' title='bbox 141 1727 215 1795; x_wconf 87' lang='lat' dir='ltr'><strong>dine</strong></span> <span class='ocrx_word' id='word_1_111' title='bbox 234 1733 468 1797; x_wconf 90' lang='lat' dir='ltr'><strong>circumiretur.</strong></span> <span class='ocrx_word' id='word_1_112' title='bbox 504 1733 581 1798; x_wconf 88' lang='lat' dir='ltr'><strong>bino</strong></span> <span class='ocrx_word' id='word_1_113' title='bbox 600 1735 663 1798; x_wconf 88' lang='lat' dir='ltr'><strong>etsi</strong></span> <span class='ocrx_word' id='word_1_114' title='bbox 681 1735 753 1818; x_wconf 89' lang='lat' dir='ltr'><strong>pari</strong></span> <span class='ocrx_word' id='word_1_115' title='bbox 776 1735 901 1818; x_wconf 90' lang='lat' dir='ltr'><strong>proelio</strong></span> <span class='ocrx_word' id='word_1_116' title='bbox 925 1734 1150 1818; x_wconf 86' lang='lat' dir='ltr'><strong>discesserant,</strong></span> <span class='ocrx_word' id='word_1_117' title='bbox 1169 1749 1188 1798; x_wconf 78' lang='lat' dir='ltr'><strong>a</strong></span> 
     </span>
     <span class='ocr_line' id='line_1_19' title="bbox 141 1821 1151 1907; baseline 0.003 -25"><span class='ocrx_word' id='word_1_118' title='bbox 141 1822 252 1883; x_wconf 90' lang='lat' dir='ltr'><strong>tamen</strong></span> <span class='ocrx_word' id='word_1_119' title='bbox 274 1821 387 1885; x_wconf 90' lang='lat' dir='ltr'><strong>eodem</strong></span> <span class='ocrx_word' id='word_1_120' title='bbox 410 1821 482 1885; x_wconf 91' lang='lat' dir='ltr'><strong>loco</strong></span> <span class='ocrx_word' id='word_1_121' title='bbox 505 1843 571 1886; x_wconf 92' lang='lat' dir='ltr'><strong>non</strong></span> <span class='ocrx_word' id='word_1_122' title='bbox 594 1826 671 1886; x_wconf 90' lang='lat' dir='ltr'><strong>sunt</strong></span> <span class='ocrx_word' id='word_1_123' title='bbox 694 1823 765 1886; x_wconf 88' lang='lat' dir='ltr'><strong>ausi</strong></span> <span class='ocrx_word' id='word_1_124' title='bbox 792 1843 935 1907; x_wconf 89' lang='lat' dir='ltr'><strong>manere,</strong></span> <span class='ocrx_word' id='word_1_125' title='bbox 966 1822 1052 1906; x_wconf 91' lang='lat' dir='ltr'><strong>quod</strong></span> <span class='ocrx_word' id='word_1_126' title='bbox 1080 1825 1151 1886; x_wconf 91' lang='lat' dir='ltr'><strong>erat</strong></span> 
     </span>
     <span class='ocr_line' id='line_1_20' title="bbox 140 1906 1151 1990; baseline 0.004 -20"><span class='ocrx_word' id='word_1_127' title='bbox 140 1906 332 1990; x_wconf 85' lang='lat' dir='ltr'><strong>periculum,</strong></span> <span class='ocrx_word' id='word_1_128' title='bbox 349 1927 399 1990; x_wconf 92' lang='lat' dir='ltr'><strong>ne,</strong></span> <span class='ocrx_word' id='word_1_129' title='bbox 418 1908 540 1990; x_wconf 80' lang='lat' dir='ltr'><strong>sipara</strong></span> <span class='ocrx_word' id='word_1_130' title='bbox 559 1909 691 1972; x_wconf 80' lang='lat' dir='ltr'><strong>narium</strong></span> <span class='ocrx_word' id='word_1_131' title='bbox 710 1909 968 1974; x_wconf 87' lang='lat' dir='ltr'><strong>adversariorum</strong></span> <span class='ocrx_word' id='word_1_132' title='bbox 982 1909 1151 1974; x_wconf 82' lang='lat' dir='ltr'><strong>Euboeam</strong></span> 
     </span>
     <span class='ocr_line' id='line_1_21' title="bbox 141 1993 1189 2080; baseline 0.004 -23"><span class='ocrx_word' id='word_1_133' title='bbox 141 1997 336 2076; x_wconf 88' lang='lat' dir='ltr'><strong>superasset,</strong></span> <span class='ocrx_word' id='word_1_134' title='bbox 359 1993 495 2075; x_wconf 88' lang='lat' dir='ltr'><strong>ancipiti</strong></span> <span class='ocrx_word' id='word_1_135' title='bbox 513 2001 736 2076; x_wconf 90' lang='lat' dir='ltr'><strong>premerentur</strong></span> <span class='ocrx_word' id='word_1_136' title='bbox 754 1998 908 2080; x_wconf 88' lang='lat' dir='ltr'><strong>periculo.</strong></span> <span class='ocrx_word' id='word_1_137' title='bbox 943 2018 1007 2078; x_wconf 92' lang='lat' dir='ltr'><strong>quo</strong></span> <span class='ocrx_word' id='word_1_138' title='bbox 1026 1997 1189 2061; x_wconf 75' lang='lat' dir='ltr'><strong>factum4</strong></span> 
     </span>
     <span class='ocr_line' id='line_1_22' title="bbox 142 2079 1151 2146; baseline 0.002 -2"><span class='ocrx_word' id='word_1_139' title='bbox 142 2084 194 2144; x_wconf 87' lang='lat' dir='ltr'><strong>est</strong></span> <span class='ocrx_word' id='word_1_140' title='bbox 206 2084 245 2145; x_wconf 92' lang='lat' dir='ltr'><strong>ut</strong></span> <span class='ocrx_word' id='word_1_141' title='bbox 259 2081 301 2144; x_wconf 88' lang='lat' dir='ltr'><strong>ab</strong></span> <span class='ocrx_word' id='word_1_142' title='bbox 314 2079 494 2144; x_wconf 84' lang='lat' dir='ltr'><strong>Artemisio</strong></span> <span class='ocrx_word' id='word_1_143' title='bbox 513 2081 715 2145; x_wconf 86' lang='lat' dir='ltr'><strong>discederent</strong></span> <span class='ocrx_word' id='word_1_144' title='bbox 732 2086 765 2145; x_wconf 92' lang='lat' dir='ltr'><strong>et</strong></span> <span class='ocrx_word' id='word_1_145' title='bbox 779 2083 989 2146; x_wconf 80' lang='lat' dir='ltr'><strong>exaduersum</strong></span> <span class='ocrx_word' id='word_1_146' title='bbox 1003 2081 1151 2146; x_wconf 84' lang='lat' dir='ltr'><strong>Athenas</strong></span> 
     </span>
     <span class='ocr_line' id='line_1_23' title="bbox 141 2166 964 2253; baseline 0.001 -21"><span class='ocrx_word' id='word_1_147' title='bbox 141 2168 227 2253; x_wconf 89' lang='lat' dir='ltr'><strong>apud</strong></span> <span class='ocrx_word' id='word_1_148' title='bbox 252 2166 418 2233; x_wconf 84' lang='lat' dir='ltr'><strong>Salamina</strong></span> <span class='ocrx_word' id='word_1_149' title='bbox 441 2167 579 2233; x_wconf 87' lang='lat' dir='ltr'><strong>classem</strong></span> <span class='ocrx_word' id='word_1_150' title='bbox 602 2190 695 2232; x_wconf 84' lang='lat' dir='ltr'><strong>suam</strong></span> <span class='ocrx_word' id='word_1_151' title='bbox 718 2169 964 2234; x_wconf 87' lang='lat' dir='ltr'><strong>constituerent.</strong></span> 
     </span>
    </p>
   </div>
   <div class='ocr_carea' id='block_1_5' title="bbox 228 2254 1290 2342">
    <p class='ocr_par' dir='ltr' id='par_1_6' title="bbox 228 2254 1290 2342">
     <span class='ocr_line' id='line_1_24' title="bbox 228 2254 1290 2342; baseline 0.002 -21"><span class='ocrx_word' id='word_1_152' title='bbox 228 2255 276 2321; x_wconf 86' lang='lat' dir='ltr'><strong>At</strong></span> <span class='ocrx_word' id='word_1_153' title='bbox 298 2255 423 2321; x_wconf 86' lang='lat' dir='ltr'><strong>Xerxes</strong></span> <span class='ocrx_word' id='word_1_154' title='bbox 445 2254 675 2340; x_wconf 71' lang='lat' dir='ltr'><strong>Thermopylis</strong></span> <span class='ocrx_word' id='word_1_155' title='bbox 702 2257 895 2342; x_wconf 87' lang='lat' dir='ltr'><strong>expugnatis</strong></span> <span class='ocrx_word' id='word_1_156' title='bbox 922 2257 1073 2341; x_wconf 87' lang='lat' dir='ltr'><strong>protinus</strong></span> <span class='ocrx_word' id='word_1_157' title='bbox 1102 2259 1194 2323; x_wconf 84' lang='lat' dir='ltr'><strong>ac·4</strong></span> <span class='ocrx_word' id='word_1_158' title='bbox 1289 2259 1290 2262; x_wconf 68' lang='grc'>’</span> 
     </span>
    </p>
   </div>
   <div class='ocr_carea' id='block_1_6' title="bbox 141 2343 1187 3574">
    <p class='ocr_par' dir='ltr' id='par_1_7' title="bbox 141 2343 1187 3574">
     <span class='ocr_line' id='line_1_25' title="bbox 141 2343 1151 2428; baseline -0.001 -18"><span class='ocrx_word' id='word_1_159' title='bbox 141 2345 241 2410; x_wconf 82' lang='lat' dir='ltr'><strong>cessit</strong></span> <span class='ocrx_word' id='word_1_160' title='bbox 259 2347 334 2408; x_wconf 90' lang='lat' dir='ltr'><strong>astu</strong></span> <span class='ocrx_word' id='word_1_161' title='bbox 351 2343 449 2428; x_wconf 90' lang='lat' dir='ltr'><strong>idque</strong></span> <span class='ocrx_word' id='word_1_162' title='bbox 467 2343 567 2409; x_wconf 92' lang='lat' dir='ltr'><strong>nullis</strong></span> <span class='ocrx_word' id='word_1_163' title='bbox 586 2343 832 2409; x_wconf 77' lang='lat' dir='ltr'><strong>defendentibus</strong></span> <span class='ocrx_word' id='word_1_164' title='bbox 851 2345 1033 2410; x_wconf 83' lang='lat' dir='ltr'><strong>interfectis</strong></span> <span class='ocrx_word' id='word_1_165' title='bbox 1048 2367 1151 2411; x_wconf 88' lang='lat' dir='ltr'><strong>sacer-</strong></span> 
     </span>
     <span class='ocr_line' id='line_1_26' title="bbox 141 2433 1186 2516; baseline 0.004 -20"><span class='ocrx_word' id='word_1_166' title='bbox 141 2433 283 2516; x_wconf 90' lang='lat' dir='ltr'><strong>dotibus,</strong></span> <span class='ocrx_word' id='word_1_167' title='bbox 302 2453 383 2516; x_wconf 92' lang='lat' dir='ltr'><strong>quos</strong></span> <span class='ocrx_word' id='word_1_168' title='bbox 402 2433 437 2497; x_wconf 91' lang='lat' dir='ltr'><strong>in</strong></span> <span class='ocrx_word' id='word_1_169' title='bbox 456 2451 528 2497; x_wconf 89' lang='lat' dir='ltr'><strong>arce</strong></span> <span class='ocrx_word' id='word_1_170' title='bbox 542 2433 718 2516; x_wconf 81' lang='lat' dir='ltr'><strong>invenerat,</strong></span> <span class='ocrx_word' id='word_1_171' title='bbox 736 2433 884 2498; x_wconf 90' lang='lat' dir='ltr'><strong>incendio</strong></span> <span class='ocrx_word' id='word_1_172' title='bbox 899 2433 1026 2498; x_wconf 82' lang='lat' dir='ltr'><strong>delevit.</strong></span> <span class='ocrx_word' id='word_1_173' title='bbox 1059 2434 1150 2500; x_wconf 89' lang='lat' dir='ltr'><strong>cuius</strong></span> <span class='ocrx_word' id='word_1_174' title='bbox 1169 2451 1186 2500; x_wconf 79' lang='lat' dir='ltr'><strong>a</strong></span> 
     </span>
     <span class='ocr_line' id='line_1_27' title="bbox 141 2520 1152 2603; baseline 0.002 -19"><span class='ocrx_word' id='word_1_175' title='bbox 141 2520 273 2585; x_wconf 82' lang='lat' dir='ltr'><strong>damma</strong></span> <span class='ocrx_word' id='word_1_176' title='bbox 293 2520 460 2603; x_wconf 87' lang='lat' dir='ltr'><strong>perterriti</strong></span> <span class='ocrx_word' id='word_1_177' title='bbox 483 2521 643 2584; x_wconf 89' lang='lat' dir='ltr'><strong>classiarii</strong></span> <span class='ocrx_word' id='word_1_178' title='bbox 667 2541 740 2586; x_wconf 89' lang='lat' dir='ltr'><strong>cum</strong></span> <span class='ocrx_word' id='word_1_179' title='bbox 763 2542 893 2586; x_wconf 88' lang='lat' dir='ltr'><strong>manere</strong></span> <span class='ocrx_word' id='word_1_180' title='bbox 910 2543 977 2587; x_wconf 88' lang='lat' dir='ltr'><strong>non</strong></span> <span class='ocrx_word' id='word_1_181' title='bbox 996 2522 1152 2587; x_wconf 88' lang='lat' dir='ltr'><strong>auderent</strong></span> 
     </span>
     <span class='ocr_line' id='line_1_28' title="bbox 142 2608 1152 2693; baseline 0.001 -21"><span class='ocrx_word' id='word_1_182' title='bbox 142 2612 176 2672; x_wconf 93' lang='lat' dir='ltr'><strong>et</strong></span> <span class='ocrx_word' id='word_1_183' title='bbox 206 2608 340 2691; x_wconf 89' lang='lat' dir='ltr'><strong>plurimi</strong></span> <span class='ocrx_word' id='word_1_184' title='bbox 371 2608 596 2693; x_wconf 87' lang='lat' dir='ltr'><strong>hortarentur,</strong></span> <span class='ocrx_word' id='word_1_185' title='bbox 627 2613 665 2673; x_wconf 89' lang='lat' dir='ltr'><strong>ut</strong></span> <span class='ocrx_word' id='word_1_186' title='bbox 697 2609 810 2674; x_wconf 91' lang='lat' dir='ltr'><strong>domos</strong></span> <span class='ocrx_word' id='word_1_187' title='bbox 843 2631 917 2674; x_wconf 88' lang='lat' dir='ltr'><strong>suas</strong></span> <span class='ocrx_word' id='word_1_188' title='bbox 950 2609 1152 2675; x_wconf 88' lang='lat' dir='ltr'><strong>discederent</strong></span> 
     </span>
     <span class='ocr_line' id='line_1_29' title="bbox 143 2694 1152 2780; baseline 0 -20"><span class='ocrx_word' id='word_1_189' title='bbox 143 2695 378 2778; x_wconf 87' lang='lat' dir='ltr'><strong>moenibusque</strong></span> <span class='ocrx_word' id='word_1_190' title='bbox 392 2715 428 2759; x_wconf 89' lang='lat' dir='ltr'><strong>se</strong></span> <span class='ocrx_word' id='word_1_191' title='bbox 445 2694 661 2780; x_wconf 87' lang='lat' dir='ltr'><strong>defenderent,</strong></span> <span class='ocrx_word' id='word_1_192' title='bbox 679 2697 915 2761; x_wconf 74' lang='lat' dir='ltr'><strong>Themistocles</strong></span> <span class='ocrx_word' id='word_1_193' title='bbox 929 2719 1012 2762; x_wconf 91' lang='lat' dir='ltr'><strong>unus</strong></span> <span class='ocrx_word' id='word_1_194' title='bbox 1027 2697 1152 2762; x_wconf 88' lang='lat' dir='ltr'><strong>restitit</strong></span> 
     </span>
     <span class='ocr_line' id='line_1_30' title="bbox 142 2783 1151 2868; baseline 0 -20"><span class='ocrx_word' id='word_1_195' title='bbox 142 2787 176 2848; x_wconf 88' lang='lat' dir='ltr'><strong>et</strong></span> <span class='ocrx_word' id='word_1_196' title='bbox 198 2783 370 2848; x_wconf 86' lang='lat' dir='ltr'><strong>universos</strong></span> <span class='ocrx_word' id='word_1_197' title='bbox 391 2803 486 2867; x_wconf 88' lang='lat' dir='ltr'><strong>pares</strong></span> <span class='ocrx_word' id='word_1_198' title='bbox 509 2804 580 2847; x_wconf 88' lang='lat' dir='ltr'><strong>esse</strong></span> <span class='ocrx_word' id='word_1_199' title='bbox 602 2804 699 2867; x_wconf 90' lang='lat' dir='ltr'><strong>posse</strong></span> <span class='ocrx_word' id='word_1_200' title='bbox 722 2784 843 2867; x_wconf 91' lang='lat' dir='ltr'><strong>aiebat,</strong></span> <span class='ocrx_word' id='word_1_201' title='bbox 865 2785 1029 2868; x_wconf 88' lang='lat' dir='ltr'><strong>dispersos</strong></span> <span class='ocrx_word' id='word_1_202' title='bbox 1052 2788 1151 2849; x_wconf 77' lang='lat' dir='ltr'><strong>testa</strong></span> 
     </span>
     <span class='ocr_line' id='line_1_31' title="bbox 141 2869 1152 2957; baseline 0 -21"><span class='ocrx_word' id='word_1_203' title='bbox 141 2872 240 2936; x_wconf 88' lang='lat' dir='ltr'><strong>batur</strong></span> <span class='ocrx_word' id='word_1_204' title='bbox 262 2871 435 2956; x_wconf 75' lang='lat' dir='ltr'><strong>perituros,</strong></span> <span class='ocrx_word' id='word_1_205' title='bbox 457 2871 555 2955; x_wconf 89' lang='lat' dir='ltr'><strong>idque</strong></span> <span class='ocrx_word' id='word_1_206' title='bbox 577 2869 767 2956; x_wconf 78' lang='lat' dir='ltr'><strong>Eurybiadi,</strong></span> <span class='ocrx_word' id='word_1_207' title='bbox 789 2872 861 2957; x_wconf 87' lang='lat' dir='ltr'><strong>regi</strong></span> <span class='ocrx_word' id='word_1_208' title='bbox 883 2869 1152 2936; x_wconf 86' lang='lat' dir='ltr'><strong>Lacedaemonio·</strong></span> 
     </span>
     <span class='ocr_line' id='line_1_32' title="bbox 142 2958 1151 3045; baseline 0.001 -21"><span class='ocrx_word' id='word_1_209' title='bbox 142 2981 223 3045; x_wconf 90' lang='lat' dir='ltr'><strong>rum,</strong></span> <span class='ocrx_word' id='word_1_210' title='bbox 240 2959 297 3044; x_wconf 89' lang='lat' dir='ltr'><strong>qui</strong></span> <span class='ocrx_word' id='word_1_211' title='bbox 311 2963 383 3025; x_wconf 91' lang='lat' dir='ltr'><strong>tum</strong></span> <span class='ocrx_word' id='word_1_212' title='bbox 397 2981 544 3024; x_wconf 87' lang='lat' dir='ltr'><strong>summae</strong></span> <span class='ocrx_word' id='word_1_213' title='bbox 558 2959 688 3044; x_wconf 91' lang='lat' dir='ltr'><strong>imperii</strong></span> <span class='ocrx_word' id='word_1_214' title='bbox 700 2964 859 3045; x_wconf 86' lang='lat' dir='ltr'><strong>praeerat,</strong></span> <span class='ocrx_word' id='word_1_215' title='bbox 872 2959 942 3025; x_wconf 89' lang='lat' dir='ltr'><strong>fore</strong></span> <span class='ocrx_word' id='word_1_216' title='bbox 956 2958 1151 3025; x_wconf 87' lang='lat' dir='ltr'><strong>affirmabat.</strong></span> 
     </span>
     <span class='ocr_line' id='line_1_33' title="bbox 142 3048 1187 3132; baseline 0.003 -19"><span class='ocrx_word' id='word_1_217' title='bbox 142 3069 238 3131; x_wconf 91' lang='lat' dir='ltr'><strong>quem</strong></span> <span class='ocrx_word' id='word_1_218' title='bbox 261 3069 336 3114; x_wconf 90' lang='lat' dir='ltr'><strong>oum</strong></span> <span class='ocrx_word' id='word_1_219' title='bbox 359 3049 467 3112; x_wconf 88' lang='lat' dir='ltr'><strong>minus</strong></span> <span class='ocrx_word' id='word_1_220' title='bbox 490 3069 589 3131; x_wconf 89' lang='lat' dir='ltr'><strong>quam</strong></span> <span class='ocrx_word' id='word_1_221' title='bbox 611 3049 710 3112; x_wconf 80' lang='lat' dir='ltr'><strong>vellet</strong></span> <span class='ocrx_word' id='word_1_222' title='bbox 733 3052 888 3132; x_wconf 86' lang='lat' dir='ltr'><strong>moveret,</strong></span> <span class='ocrx_word' id='word_1_223' title='bbox 910 3051 1011 3114; x_wconf 91' lang='lat' dir='ltr'><strong>noctu</strong></span> <span class='ocrx_word' id='word_1_224' title='bbox 1030 3048 1069 3113; x_wconf 91' lang='lat' dir='ltr'><strong>de</strong></span> <span class='ocrx_word' id='word_1_225' title='bbox 1088 3067 1187 3116; x_wconf 82' lang='lat' dir='ltr'><strong>ser-a</strong></span> 
     </span>
     <span class='ocr_line' id='line_1_34' title="bbox 141 3135 1152 3223; baseline 0 -22"><span class='ocrx_word' id='word_1_226' title='bbox 141 3135 191 3200; x_wconf 81' lang='lat' dir='ltr'><strong>vie</strong></span> <span class='ocrx_word' id='word_1_227' title='bbox 215 3136 282 3201; x_wconf 80' lang='lat' dir='ltr'><strong>suia</strong></span> <span class='ocrx_word' id='word_1_228' title='bbox 307 3157 403 3220; x_wconf 90' lang='lat' dir='ltr'><strong>quem</strong></span> <span class='ocrx_word' id='word_1_229' title='bbox 425 3136 542 3201; x_wconf 88' lang='lat' dir='ltr'><strong>habuit</strong></span> <span class='ocrx_word' id='word_1_230' title='bbox 563 3136 789 3200; x_wconf 88' lang='lat' dir='ltr'><strong>fidelissimum</strong></span> <span class='ocrx_word' id='word_1_231' title='bbox 808 3136 849 3200; x_wconf 89' lang='lat' dir='ltr'><strong>ad</strong></span> <span class='ocrx_word' id='word_1_232' title='bbox 867 3155 977 3223; x_wconf 92' lang='lat' dir='ltr'><strong>regem</strong></span> <span class='ocrx_word' id='word_1_233' title='bbox 996 3137 1096 3221; x_wconf 85' lang='lat' dir='ltr'><strong>misit,</strong></span> <span class='ocrx_word' id='word_1_234' title='bbox 1113 3142 1152 3201; x_wconf 94' lang='lat' dir='ltr'><strong>ut</strong></span> 
     </span>
     <span class='ocr_line' id='line_1_35' title="bbox 143 3223 1151 3311; baseline 0.002 -25"><span class='ocrx_word' id='word_1_235' title='bbox 143 3223 173 3286; x_wconf 93' lang='lat' dir='ltr'><strong>ei</strong></span> <span class='ocrx_word' id='word_1_236' title='bbox 195 3224 361 3289; x_wconf 87' lang='lat' dir='ltr'><strong>nuntiaret</strong></span> <span class='ocrx_word' id='word_1_237' title='bbox 385 3224 452 3288; x_wconf 89' lang='lat' dir='ltr'><strong>suis</strong></span> <span class='ocrx_word' id='word_1_238' title='bbox 471 3223 588 3307; x_wconf 89' lang='lat' dir='ltr'><strong>verbis,</strong></span> <span class='ocrx_word' id='word_1_239' title='bbox 612 3223 813 3289; x_wconf 87' lang='lat' dir='ltr'><strong>adversarios</strong></span> <span class='ocrx_word' id='word_1_240' title='bbox 831 3223 900 3289; x_wconf 90' lang='lat' dir='ltr'><strong>eius</strong></span> <span class='ocrx_word' id='word_1_241' title='bbox 918 3225 954 3289; x_wconf 91' lang='lat' dir='ltr'><strong>in</strong></span> <span class='ocrx_word' id='word_1_242' title='bbox 971 3224 1050 3311; x_wconf 88' lang='lat' dir='ltr'><strong>fuge</strong></span> <span class='ocrx_word' id='word_1_243' title='bbox 1068 3245 1151 3290; x_wconf 78' lang='lat' dir='ltr'><strong>esse:</strong></span> 
     </span>
     <span class='ocr_line' id='line_1_36' title="bbox 143 3311 1187 3398; baseline 0.001 -23"><span class='ocrx_word' id='word_1_244' title='bbox 143 3311 200 3394; x_wconf 92' lang='lat' dir='ltr'><strong>qui</strong></span> <span class='ocrx_word' id='word_1_245' title='bbox 218 3312 246 3375; x_wconf 93' lang='lat' dir='ltr'><strong>si</strong></span> <span class='ocrx_word' id='word_1_246' title='bbox 265 3311 499 3397; x_wconf 86' lang='lat' dir='ltr'><strong>discessissent,</strong></span> <span class='ocrx_word' id='word_1_247' title='bbox 517 3311 640 3376; x_wconf 90' lang='lat' dir='ltr'><strong>maiore</strong></span> <span class='ocrx_word' id='word_1_248' title='bbox 655 3333 729 3376; x_wconf 90' lang='lat' dir='ltr'><strong>oum</strong></span> <span class='ocrx_word' id='word_1_249' title='bbox 746 3311 858 3376; x_wconf 90' lang='lat' dir='ltr'><strong>labore</strong></span> <span class='ocrx_word' id='word_1_250' title='bbox 872 3316 906 3377; x_wconf 93' lang='lat' dir='ltr'><strong>et</strong></span> <span class='ocrx_word' id='word_1_251' title='bbox 924 3312 1152 3398; x_wconf 78' lang='lat' dir='ltr'><strong>longinquiore</strong></span> <span class='ocrx_word' id='word_1_252' title='bbox 1170 3328 1187 3376; x_wconf 79' lang='lat'>4</span> 
     </span>
     <span class='ocr_line' id='line_1_37' title="bbox 142 3398 1152 3486; baseline -0.001 -23"><span class='ocrx_word' id='word_1_253' title='bbox 142 3402 290 3482; x_wconf 87' lang='lat' dir='ltr'><strong>tempore</strong></span> <span class='ocrx_word' id='word_1_254' title='bbox 312 3399 445 3464; x_wconf 86' lang='lat' dir='ltr'><strong>bellum·</strong></span> <span class='ocrx_word' id='word_1_255' title='bbox 459 3398 691 3484; x_wconf 75' lang='lat' dir='ltr'><strong>contacturum,</strong></span> <span class='ocrx_word' id='word_1_256' title='bbox 714 3421 787 3464; x_wconf 90' lang='lat' dir='ltr'><strong>cum</strong></span> <span class='ocrx_word' id='word_1_257' title='bbox 806 3399 953 3486; x_wconf 89' lang='lat' dir='ltr'><strong>singulos</strong></span> <span class='ocrx_word' id='word_1_258' title='bbox 972 3399 1152 3465; x_wconf 88' lang='lat' dir='ltr'><strong>consectari</strong></span> 
     </span>
     <span class='ocr_line' id='line_1_38' title="bbox 142 3486 1151 3574; baseline -0.007 -21"><span class='ocrx_word' id='word_1_259' title='bbox 142 3490 328 3574; x_wconf 76' lang='lat' dir='ltr'><strong>cogeretur:</strong></span> <span class='ocrx_word' id='word_1_260' title='bbox 351 3508 432 3570; x_wconf 89' lang='lat' dir='ltr'><strong>quos</strong></span> <span class='ocrx_word' id='word_1_261' title='bbox 447 3488 476 3552; x_wconf 86' lang='lat' dir='ltr'><strong>si</strong></span> <span class='ocrx_word' id='word_1_262' title='bbox 491 3488 605 3552; x_wconf 87' lang='lat' dir='ltr'><strong>statim</strong></span> <span class='ocrx_word' id='word_1_263' title='bbox 619 3487 860 3572; x_wconf 86' lang='lat' dir='ltr'><strong>aggrederetur,</strong></span> <span class='ocrx_word' id='word_1_264' title='bbox 878 3487 970 3552; x_wconf 86' lang='lat' dir='ltr'><strong>brevi</strong></span> <span class='ocrx_word' id='word_1_265' title='bbox 983 3486 1151 3550; x_wconf 82' lang='lat' dir='ltr'><strong>universos</strong></span> 
     </span>
    </p>
   </div>
   <div class='ocr_carea' id='block_1_7' title="bbox 0 0 1304 3906">
    <p class='ocr_par' dir='ltr' id='par_1_8' title="bbox 0 0 1304 3906">
     <span class='ocr_line' id='line_1_39' title="bbox 0 0 1304 3906; baseline 0 0"><span class='ocrx_word' id='word_1_266' title='bbox 0 0 1304 3906; x_wconf 95' lang='lat' dir='ltr'><strong> </strong></span> 
     </span>
    </p>
   </div>
  </div>
 </body>
</html>
