2598 3906
174 223 217 288 22
487 223 533 280 VI.
553 223 754 279 LYSANDER.
785 231 860 280 l-t.

175 388 233 432 sua
261 371 387 433 teneret
414 372 592 453 potestate,
624 392 697 435 cum
728 370 762 435 id
791 391 825 435 se
852 368 1182 436 Lacedaemoniorum

139 469 155 518 5
174 476 272 520 causa
285 455 390 522 facere
405 457 582 521 simularet.
614 479 753 542 nemque
768 459 916 542 undique,
935 458 991 542 qui
1004 457 1182 522 Athenien-

174 543 259 608 sium
276 545 373 609 rebus
392 544 603 629 studuissent,
622 547 733 610 eiectis
753 547 863 612 decem
881 546 1045 632 delegerat
1063 546 1098 610 in
1115 567 1183 610 una

175 653 301 715 quaque
316 632 457 717 civitate,
476 633 593 715 quibus
609 655 771 698 summum
784 634 956 719 imperium
970 637 1182 718 potestatem·
1286 639 1287 664 ¹

172 740 543 891 ttttttttt,
560 725 809 894 “tttttt
822 722 1182 895 ttttttttt

173 895 332 959 tineretur
355 899 412 960 aut
435 916 469 960 se
492 896 580 962 illius
603 895 673 962 fore
695 897 864 982 proprium
881 898 944 962 fide
963 899 1180 963 confirmarat

138 982 159 1045 2
249 980 315 1046 lta
332 982 538 1048 decemvirali
555 988 720 1068 potestate
738 985 773 1049 in
792 985 944 1050 omnibus
957 986 1092 1051 urbibus
1108 1008 1181 1051 con-

173 1069 290 1134 stituta
316 1070 419 1154 ipsius
445 1075 528 1136 nutu
554 1073 663 1137 omnia
685 1073 889 1159 gerebantur.
935 1075 1026 1140 cuius
1050 1073 1088 1138 de
1111 1095 1181 1138 cru-

173 1157 306 1222 delitate
329 1179 367 1224 ac
389 1159 525 1243 perfidia
543 1160 624 1224 satis
643 1165 810 1226 estunam
828 1182 898 1226 rem
916 1163 1055 1246 exempli
1073 1162 1181 1248 gratia

171 1244 388 1331 profanans
412 1248 450 1312 de
474 1248 587 1313 eodem
608 1249 703 1332 plura
725 1249 941 1314 enumerando
964 1249 1180 1335 defatigemus

137 1349 154 1398 a
172 1333 321 1401 lectores.
357 1336 462 1401 victor
480 1357 520 1402 ex
537 1335 618 1402 Asia
641 1359 715 1402 cum
737 1340 955 1402 reverteretur
972 1337 1181 1422 Thasumque

173 1422 373 1508 devertisset,
397 1424 483 1508 quod
501 1446 539 1489 ea
557 1424 672 1490 civitas
694 1424 869 1508 praecipua
891 1425 954 1488 fide
977 1424 1084 1490 fuerat
1102 1447 1181 1512 erga

172 1510 398 1595 Athenienses,
420 1513 554 1595 proinde
578 1534 615 1576 ac
638 1513 667 1576 si
689 1532 753 1576 ecoe
774 1511 874 1575 iidem
896 1511 1076 1578 firmissimi
1100 1514 1181 1579 sele

172 1601 246 1662 rent
268 1619 339 1663 esse
362 1599 471 1682 amici,
495 1599 550 1683 qui
573 1603 760 1664 constantes
783 1599 924 1664 fuissent
946 1601 1083 1685 inimici,
1111 1623 1181 1686 per·

138 1688 298 1749 ovomere
322 1707 393 1750 eam
412 1687 605 1770 concupivit.
641 1687 724 1752 vidit
742 1691 861 1771 autem,
883 1687 948 1752 nisi
966 1687 1001 1751 in
1019 1709 1057 1752 eo
1076 1689 1181 1753 occul·

173 1776 277 1838 tasset
309 1774 527 1858 voluntatem,
563 1775 711 1840 futurum
742 1779 780 1840 ut
811 1775 924 1840 Thasii
961 1775 1181 1840 dilaberentur

147 1875 151 1884 '
173 1861 440 1945 consulerentque
463 1864 559 1928 rebus
583 1863 650 1927 suis
664 1885 681 1924 e
694 1885 744 1924 a*

137 1951 158 2016 3
259 1947 375 2033 Itaque
402 1949 427 2014 ii
455 1951 700 2016 decemviralem
726 1955 925 2037 potestatem
953 1954 994 2017 ab
1022 1953 1080 2017 illo
1108 1973 1181 2018 con-

173 2037 324 2103 stitutam
352 2039 561 2104 sustulcnmt
606 2061 670 2124 quo
694 2040 805 2106 dolore
832 2041 982 2106 incensus
1010 2040 1085 2106 iniit
1108 2061 1181 2106 con·
1288 2081 1289 2100 1

174 2126 247 2192 silia
269 2148 362 2214 reges
380 2125 709 2212 Lacedaemoniorum
731 2129 854 2194 tollere.
891 2130 948 2194 sed
967 2129 1130 2194 sentiebat
1147 2128 1181 2192 id

174 2237 208 2280 se
231 2215 300 2281 sine
323 2237 384 2298 ope
407 2215 541 2280 deorum
563 2215 668 2281 facere
690 2239 757 2282 non
778 2237 888 2300 posse,
915 2216 1002 2299 quod
1024 2215 1181 2280 Lacedae·

137 2303 274 2368 amonii
297 2303 406 2368 omnia
429 2303 470 2367 ad
493 2305 624 2369 oracula
647 2304 766 2368 referre
790 2307 993 2369 consuerant
1038 2303 1181 2388 primum
1288 2361 1289 2374 ,

172 2389 368 2473 Delphicum
390 2411 596 2476 corrumpere
619 2397 670 2456 est
692 2395 837 2457 conatus.
878 2413 952 2455 oum
981 2390 1015 2455 id
1036 2412 1104 2456 non
1125 2413 1180 2476 po-

172 2478 299 2562 tuisset,
317 2477 529 2545 Dodonaeum
548 2480 680 2545 adortus
700 2484 758 2545 est.
788 2479 864 2544 hinc
884 2501 1012 2562 quoque
1031 2479 1180 2562 repulsus

173 2565 255 2631 dixit
278 2588 312 2631 se
336 2570 415 2631 vote
432 2569 621 2652 suscepisse,
645 2589 727 2651 quae
745 2565 818 2632 Iovi
835 2565 1013 2631 Hammoni
1032 2566 1181 2652 solveret,

137 2655 362 2720 nexistimans
393 2677 427 2720 se
457 2654 557 2720 Afros
589 2655 717 2721 facilius
750 2659 987 2740 corrupturum
1032 2656 1094 2721 hac
1124 2677 1181 2739 spe

173 2765 247 2809 cum
273 2743 439 2827 profectus
468 2748 554 2809 esset
583 2745 618 2808 in
644 2743 803 2830 Africam,
831 2744 971 2809 multum
999 2766 1073 2809 eum
1100 2743 1181 2808 auti-

174 2831 269 2897 stites
292 2831 380 2898 Iovis
403 2831 596 2897 fefellerunt.
630 2855 706 2898 nam
724 2855 791 2898 non
809 2832 915 2897 solum
934 2831 1098 2914 corrumpi
1114 2851 1181 2896 non

172 2925 360 3005 potuerunt,
384 2921 439 2986 sed
458 2920 558 2985 etiam
576 2921 704 3006 legatos
722 2919 998 2985 Lacedaemonem
1014 2919 1181 3001 miserrmt,

174 3009 230 3092 qui
253 3007 456 3092 Lysandrum
479 3013 683 3092 accusarent,
707 3008 792 3092 quod
815 3006 998 3072 sacerdotes
1022 3004 1090 3070 fani
1113 3026 1181 3071 cor-

137 3111 155 3160 4
173 3117 323 3180 rumpere
338 3100 473 3162 conatus
487 3094 582 3162 esset.
617 3099 787 3162 accusatus
801 3095 864 3160 hoc
878 3093 1012 3160 crimine
1026 3093 1179 3160 iudicum·

174 3204 235 3267 que
259 3183 429 3250 absolutus
449 3184 628 3269 sententiis,
652 3183 877 3250 Orchomeniis
896 3181 1015 3248 missus
1035 3182 1181 3248 subsidio

139 3271 299 3339 toccisus
323 3275 373 3336 est
396 3295 416 3338 a
438 3272 600 3337 Thebanis
629 3273 714 3358 apud
741 3269 936 3336 Haliartum
983 3292 1081 3354 quam
1108 3292 1181 3336 vere
1287 3291 1289 3308 ¹

174 3360 212 3426 de
235 3381 273 3425 eo
296 3379 379 3426 sactu
400 3359 486 3425 foret
509 3361 701 3445 iudicatum,
729 3359 833 3424 oratio
857 3357 977 3424 indicio
999 3358 1077 3444 fuit,
1101 3380 1181 3443 quae

174 3453 411 3534 postmortem
433 3449 469 3513 in
491 3449 586 3514 domo
610 3449 680 3515 eius
703 3453 832 3531 reperta
851 3451 911 3531 est,
933 3447 968 3511 in
986 3469 1051 3531 qua
1069 3447 1183 3512 suadet

174 3536 447 3622 Lacedaemoniis,
470 3540 507 3602 ut
530 3538 621 3623 regia
642 3539 806 3622 potestate
835 3535 994 3602 dissoluta
1021 3557 1060 3599 ex
1083 3533 1181 3598 omni-
1286 3587 1289 3598 .

495 3802 628 3903 A
