<?xml version="1.0" encoding="UTF-8"?>
<!DOCTYPE html PUBLIC "-//W3C//DTD XHTML 1.0 Transitional//EN"
    "http://www.w3.org/TR/xhtml1/DTD/xhtml1-transitional.dtd">
<html xmlns="http://www.w3.org/1999/xhtml" xml:lang="en" lang="en">
 <head>
  <title>
</title>
<meta http-equiv="Content-Type" content="text/html;charset=utf-8" />
  <meta name='ocr-system' content='tesseract 3.04.00' />
  <meta name='ocr-capabilities' content='ocr_page ocr_carea ocr_par ocr_line ocrx_word'/>
</head>
<body>
  <div class='ocr_page' id='page_1' title='image "./corneliinepotis21nepogoog_0012.png"; bbox 0 0 2598 3906; ppageno 0'>
   <div class='ocr_carea' id='block_1_1' title="bbox 394 911 893 1000">
    <p class='ocr_par' dir='ltr' id='par_1_1' title="bbox 394 911 893 1000">
     <span class='ocr_line' id='line_1_1' title="bbox 394 911 893 1000; baseline 0.004 -2"><span class='ocrx_word' id='word_1_1' title='bbox 394 912 643 1000; x_wconf 76' lang='lat' dir='ltr'>CORNELII</span> <span class='ocrx_word' id='word_1_2' title='bbox 674 911 893 1000; x_wconf 71' lang='lat' dir='ltr'>Nerone</span> 
     </span>
    </p>
   </div>
   <div class='ocr_carea' id='block_1_2' title="bbox 203 1082 1090 1305">
    <p class='ocr_par' dir='ltr' id='par_1_2' title="bbox 203 1082 1090 1305">
     <span class='ocr_line' id='line_1_2' title="bbox 203 1082 1090 1161; baseline -0.002 -3"><span class='ocrx_word' id='word_1_3' title='bbox 203 1082 347 1158; x_wconf 80' lang='lat' dir='ltr'><strong>LIBER</strong></span> <span class='ocrx_word' id='word_1_4' title='bbox 375 1083 438 1160; x_wconf 79' lang='lat' dir='ltr'>DE</span> <span class='ocrx_word' id='word_1_5' title='bbox 467 1083 862 1161; x_wconf 75' lang='lat' dir='ltr'>EXOELLENTIBUS</span> <span class='ocrx_word' id='word_1_6' title='bbox 890 1083 1090 1158; x_wconf 80' lang='lat' dir='ltr'>DUOIBUS</span> 
     </span>
     <span class='ocr_line' id='line_1_3' title="bbox 357 1237 937 1305; baseline 0 -2"><span class='ocrx_word' id='word_1_7' title='bbox 357 1237 667 1305; x_wconf 77' lang='lat' dir='ltr'><strong>EXTERARUM</strong></span> <span class='ocrx_word' id='word_1_8' title='bbox 700 1237 937 1304; x_wconf 78' lang='lat' dir='ltr'><strong>GENTIUM.</strong></span> 
     </span>
    </p>
   </div>
   <div class='ocr_carea' id='block_1_3' title="bbox 230 1428 1182 1638">
    <p class='ocr_par' dir='ltr' id='par_1_3' title="bbox 230 1428 1148 1623">
     <span class='ocr_line' id='line_1_4' title="bbox 537 1428 750 1484; baseline 0.005 -1"><span class='ocrx_word' id='word_1_9' title='bbox 537 1428 750 1484; x_wconf 80' lang='lat' dir='ltr'><strong>PRAEFATIO</strong></span> 
     </span>
     <span class='ocr_line' id='line_1_5' title="bbox 230 1536 1182 1638; baseline -0.001 -35"><span class='ocrx_word' id='word_1_10' title='bbox 230 1537 314 1604; x_wconf 90' lang='lat' dir='ltr'>Non</span> <span class='ocrx_word' id='word_1_11' title='bbox 324 1538 438 1603; x_wconf 91' lang='lat' dir='ltr'>dubito</span> <span class='ocrx_word' id='word_1_12' title='bbox 456 1536 526 1602; x_wconf 87' lang='lat' dir='ltr'>fore</span> <span class='ocrx_word' id='word_1_13' title='bbox 543 1538 725 1622; x_wconf 85' lang='lat' dir='ltr'>plerosque,</span> <span class='ocrx_word' id='word_1_14' title='bbox 743 1536 863 1622; x_wconf 82' lang='lat' dir='ltr'>Attice,</span> <span class='ocrx_word' id='word_1_15' title='bbox 886 1537 942 1620; x_wconf 84' lang='lat' dir='ltr'>qui</span> <span class='ocrx_word' id='word_1_16' title='bbox 964 1537 1028 1601; x_wconf 89' lang='lat' dir='ltr'>hoo</span> <span class='ocrx_word' id='word_1_17' title='bbox 1046 1556 1182 1638; x_wconf 80' lang='lat' dir='ltr'>genus1</span> 
     </span>
    </p>
   </div>
   <div class='ocr_carea' id='block_1_4' title="bbox 142 1626 1148 1711">
    <p class='ocr_par' dir='ltr' id='par_1_4' title="bbox 142 1626 1148 1711">
     <span class='ocr_line' id='line_1_6' title="bbox 142 1626 1148 1711; baseline -0.002 -19"><span class='ocrx_word' id='word_1_18' title='bbox 142 1627 321 1711; x_wconf 76' lang='lat' dir='ltr'>scripturae</span> <span class='ocrx_word' id='word_1_19' title='bbox 344 1626 414 1690; x_wconf 85' lang='lat' dir='ltr'>leve</span> <span class='ocrx_word' id='word_1_20' title='bbox 438 1629 471 1689; x_wconf 92' lang='lat' dir='ltr'>et</span> <span class='ocrx_word' id='word_1_21' title='bbox 493 1647 559 1690; x_wconf 93' lang='lat' dir='ltr'>non</span> <span class='ocrx_word' id='word_1_22' title='bbox 582 1626 662 1690; x_wconf 91' lang='lat' dir='ltr'>satis</span> <span class='ocrx_word' id='word_1_23' title='bbox 686 1626 821 1711; x_wconf 79' lang='lat' dir='ltr'>dignum</span> <span class='ocrx_word' id='word_1_24' title='bbox 844 1646 1045 1690; x_wconf 90' lang='lat' dir='ltr'>summorum</span> <span class='ocrx_word' id='word_1_25' title='bbox 1065 1626 1148 1690; x_wconf 82' lang='lat' dir='ltr'>viro·</span> 
     </span>
    </p>
   </div>
   <div class='ocr_carea' id='block_1_5' title="bbox 22 1713 1149 1802">
    <p class='ocr_par' dir='ltr' id='par_1_5' title="bbox 22 1713 1149 1802">
     <span class='ocr_line' id='line_1_7' title="bbox 22 1713 1149 1802; baseline -0.002 -22"><span class='ocrx_word' id='word_1_26' title='bbox 22 1789 27 1802; x_wconf 47' lang='grc'>,</span> <span class='ocrx_word' id='word_1_27' title='bbox 141 1737 214 1780; x_wconf 91' lang='lat' dir='ltr'>rum</span> <span class='ocrx_word' id='word_1_28' title='bbox 236 1714 383 1798; x_wconf 88' lang='lat' dir='ltr'>personis</span> <span class='ocrx_word' id='word_1_29' title='bbox 406 1713 559 1796; x_wconf 84' lang='lat' dir='ltr'>iudicent,</span> <span class='ocrx_word' id='word_1_30' title='bbox 584 1735 658 1778; x_wconf 88' lang='lat' dir='ltr'>cum</span> <span class='ocrx_word' id='word_1_31' title='bbox 680 1714 764 1778; x_wconf 87' lang='lat' dir='ltr'>relat</span> <span class='ocrx_word' id='word_1_32' title='bbox 749 1717 821 1778; x_wconf 90' lang='lat' dir='ltr'>tum</span> <span class='ocrx_word' id='word_1_33' title='bbox 843 1714 963 1799; x_wconf 80' lang='lat' dir='ltr'>legent,</span> <span class='ocrx_word' id='word_1_34' title='bbox 986 1714 1059 1796; x_wconf 88' lang='lat' dir='ltr'>quis</span> <span class='ocrx_word' id='word_1_35' title='bbox 1082 1736 1149 1778; x_wconf 90' lang='lat' dir='ltr'>mu-</span> 
     </span>
    </p>
   </div>
   <div class='ocr_carea' id='block_1_6' title="bbox 141 1764 1188 3291">
    <p class='ocr_par' dir='ltr' id='par_1_6' title="bbox 141 1764 1188 3291">
     <span class='ocr_line' id='line_1_8' title="bbox 142 1764 1188 1886; baseline -0.002 -18"><span class='ocrx_word' id='word_1_36' title='bbox 142 1803 244 1868; x_wconf 89' lang='lat' dir='ltr'>sicam</span> <span class='ocrx_word' id='word_1_37' title='bbox 266 1801 412 1870; x_wconf 78' lang='lat' dir='ltr'>docuerit</span> <span class='ocrx_word' id='word_1_38' title='bbox 433 1764 706 1886; x_wconf 76' lang='lat' dir='ltr'><strong>Epaminondam,</strong></span> <span class='ocrx_word' id='word_1_39' title='bbox 737 1802 830 1867; x_wconf 89' lang='lat' dir='ltr'>aut</span> <span class='ocrx_word' id='word_1_40' title='bbox 821 1801 948 1866; x_wconf 86' lang='lat' dir='ltr'>maius</span> <span class='ocrx_word' id='word_1_41' title='bbox 971 1800 1148 1866; x_wconf 65' lang='lat' dir='ltr'>rimutibus</span> <span class='ocrx_word' id='word_1_42' title='bbox 1184 1802 1188 1808; x_wconf 79' lang='grc'><strong>’</strong></span> 
     </span>
     <span class='ocr_line' id='line_1_9' title="bbox 142 1889 1148 1973; baseline -0.002 -17"><span class='ocrx_word' id='word_1_43' title='bbox 142 1890 397 1972; x_wconf 84' lang='lat' dir='ltr'>commemorari,</span> <span class='ocrx_word' id='word_1_44' title='bbox 416 1890 554 1954; x_wconf 73' lang='lat' dir='ltr'><strong>saltasse</strong></span> <span class='ocrx_word' id='word_1_45' title='bbox 569 1911 642 1954; x_wconf 92' lang='lat' dir='ltr'>eum</span> <span class='ocrx_word' id='word_1_46' title='bbox 657 1889 824 1954; x_wconf 89' lang='lat' dir='ltr'>commode</span> <span class='ocrx_word' id='word_1_47' title='bbox 838 1889 1041 1973; x_wconf 77' lang='lat' dir='ltr'>scienterque</span> <span class='ocrx_word' id='word_1_48' title='bbox 1057 1889 1148 1954; x_wconf 86' lang='lat' dir='ltr'>tibiis</span> 
     </span>
     <span class='ocr_line' id='line_1_10' title="bbox 143 1976 1184 2060; baseline -0.002 -16"><span class='ocrx_word' id='word_1_49' title='bbox 143 1982 302 2044; x_wconf 85' lang='lat' dir='ltr'>cantasse.</span> <span class='ocrx_word' id='word_1_50' title='bbox 343 1977 399 2040; x_wconf 90' lang='lat' dir='ltr'>sed</span> <span class='ocrx_word' id='word_1_51' title='bbox 426 1976 462 2038; x_wconf 91' lang='lat' dir='ltr'>hi</span> <span class='ocrx_word' id='word_1_52' title='bbox 489 1977 686 2060; x_wconf 76' lang='lat' dir='ltr'>enuntiem,</span> <span class='ocrx_word' id='word_1_53' title='bbox 716 1978 772 2060; x_wconf 90' lang='lat' dir='ltr'>qui</span> <span class='ocrx_word' id='word_1_54' title='bbox 795 1981 942 2060; x_wconf 82' lang='lat' dir='ltr'>expertes</span> <span class='ocrx_word' id='word_1_55' title='bbox 965 1977 1184 2047; x_wconf 79' lang='lat' dir='ltr'>litterarumu</span> 
     </span>
     <span class='ocr_line' id='line_1_11' title="bbox 143 2063 1149 2163; baseline -0.002 -33"><span class='ocrx_word' id='word_1_56' title='bbox 143 2065 341 2130; x_wconf 83' lang='lat' dir='ltr'>Graecarum</span> <span class='ocrx_word' id='word_1_57' title='bbox 362 2063 445 2128; x_wconf 82' lang='lat' dir='ltr'>nihil</span> <span class='ocrx_word' id='word_1_58' title='bbox 468 2066 607 2163; x_wconf 79' lang='lat' dir='ltr'>rectum,</span> <span class='ocrx_word' id='word_1_59' title='bbox 633 2064 698 2126; x_wconf 88' lang='lat' dir='ltr'>nisi</span> <span class='ocrx_word' id='word_1_60' title='bbox 726 2065 812 2146; x_wconf 92' lang='lat' dir='ltr'>quod</span> <span class='ocrx_word' id='word_1_61' title='bbox 834 2065 981 2146; x_wconf 88' lang='lat' dir='ltr'>ipsorum</span> <span class='ocrx_word' id='word_1_62' title='bbox 1003 2065 1149 2128; x_wconf 88' lang='lat' dir='ltr'>moribus</span> 
     </span>
     <span class='ocr_line' id='line_1_12' title="bbox 142 2149 1185 2236; baseline -0.005 -16"><span class='ocrx_word' id='word_1_63' title='bbox 142 2153 323 2236; x_wconf 87' lang='lat' dir='ltr'>conveniat,</span> <span class='ocrx_word' id='word_1_64' title='bbox 344 2150 559 2235; x_wconf 85' lang='lat' dir='ltr'>putabunt</span> <span class='ocrx_word' id='word_1_65' title='bbox 550 2149 575 2214; x_wconf 84' lang='lat' dir='ltr'>ri</span> <span class='ocrx_word' id='word_1_66' title='bbox 593 2150 621 2214; x_wconf 90' lang='lat' dir='ltr'>si</span> <span class='ocrx_word' id='word_1_67' title='bbox 642 2151 814 2216; x_wconf 87' lang='lat' dir='ltr'>didicerint</span> <span class='ocrx_word' id='word_1_68' title='bbox 831 2172 897 2216; x_wconf 90' lang='lat' dir='ltr'>non</span> <span class='ocrx_word' id='word_1_69' title='bbox 915 2151 1027 2215; x_wconf 84' lang='lat' dir='ltr'>eadem</span> <span class='ocrx_word' id='word_1_70' title='bbox 1051 2151 1150 2215; x_wconf 90' lang='lat' dir='ltr'>omni·</span> <span class='ocrx_word' id='word_1_71' title='bbox 1168 2174 1185 2222; x_wconf 77' lang='lat' dir='ltr'>a</span> 
     </span>
     <span class='ocr_line' id='line_1_13' title="bbox 142 2239 1150 2340; baseline -0.003 -33"><span class='ocrx_word' id='word_1_72' title='bbox 142 2243 203 2308; x_wconf 92' lang='lat' dir='ltr'>bus</span> <span class='ocrx_word' id='word_1_73' title='bbox 230 2261 300 2306; x_wconf 89' lang='lat' dir='ltr'>esse</span> <span class='ocrx_word' id='word_1_74' title='bbox 326 2240 466 2308; x_wconf 86' lang='lat' dir='ltr'>honesta</span> <span class='ocrx_word' id='word_1_75' title='bbox 493 2242 591 2322; x_wconf 89' lang='lat' dir='ltr'>atque</span> <span class='ocrx_word' id='word_1_76' title='bbox 618 2239 750 2338; x_wconf 83' lang='lat' dir='ltr'>turpia</span> <span class='ocrx_word' id='word_1_77' title='bbox 770 2239 827 2304; x_wconf 88' lang='lat' dir='ltr'>sed</span> <span class='ocrx_word' id='word_1_78' title='bbox 854 2239 963 2340; x_wconf 79' lang='lat' dir='ltr'>omnia</span> <span class='ocrx_word' id='word_1_79' title='bbox 990 2240 1150 2304; x_wconf 86' lang='lat' dir='ltr'>maiorum</span> 
     </span>
     <span class='ocr_line' id='line_1_14' title="bbox 141 2289 1150 2412; baseline -0.002 -16"><span class='ocrx_word' id='word_1_80' title='bbox 141 2330 220 2396; x_wconf 88' lang='lat' dir='ltr'>insti</span> <span class='ocrx_word' id='word_1_81' title='bbox 222 2329 303 2394; x_wconf 87' lang='lat' dir='ltr'>uttis</span> <span class='ocrx_word' id='word_1_82' title='bbox 326 2327 471 2412; x_wconf 87' lang='lat' dir='ltr'>iudicari,</span> <span class='ocrx_word' id='word_1_83' title='bbox 493 2347 559 2391; x_wconf 89' lang='lat' dir='ltr'>non</span> <span class='ocrx_word' id='word_1_84' title='bbox 578 2289 824 2392; x_wconf 73' lang='lat' dir='ltr'>admrratimtur</span> <span class='ocrx_word' id='word_1_85' title='bbox 841 2348 901 2392; x_wconf 89' lang='lat' dir='ltr'>nos</span> <span class='ocrx_word' id='word_1_86' title='bbox 922 2327 957 2392; x_wconf 88' lang='lat' dir='ltr'>in</span> <span class='ocrx_word' id='word_1_87' title='bbox 976 2325 1150 2394; x_wconf 83' lang='lat' dir='ltr'>Graiorum</span> 
     </span>
     <span class='ocr_line' id='line_1_15' title="bbox 142 2414 1185 2501; baseline 0.002 -19"><span class='ocrx_word' id='word_1_88' title='bbox 142 2417 319 2482; x_wconf 84' lang='lat' dir='ltr'>virtutibus</span> <span class='ocrx_word' id='word_1_89' title='bbox 349 2414 546 2500; x_wconf 83' lang='lat' dir='ltr'>exponendis</span> <span class='ocrx_word' id='word_1_90' title='bbox 579 2437 685 2480; x_wconf 89' lang='lat' dir='ltr'>mores</span> <span class='ocrx_word' id='word_1_91' title='bbox 718 2437 830 2481; x_wconf 90' lang='lat' dir='ltr'>eorum</span> <span class='ocrx_word' id='word_1_92' title='bbox 863 2420 1000 2481; x_wconf 87' lang='lat' dir='ltr'>secutos.</span> <span class='ocrx_word' id='word_1_93' title='bbox 1045 2437 1185 2501; x_wconf 68' lang='lat' dir='ltr'>nequod</span> 
     </span>
     <span class='ocr_line' id='line_1_16' title="bbox 142 2503 1150 2589; baseline 0 -19"><span class='ocrx_word' id='word_1_94' title='bbox 142 2506 229 2570; x_wconf 89' lang='lat' dir='ltr'>enim</span> <span class='ocrx_word' id='word_1_95' title='bbox 256 2504 385 2572; x_wconf 81' lang='lat' dir='ltr'>Cimoni</span> <span class='ocrx_word' id='word_1_96' title='bbox 412 2503 476 2570; x_wconf 82' lang='lat' dir='ltr'>fuit</span> <span class='ocrx_word' id='word_1_97' title='bbox 502 2507 611 2588; x_wconf 87' lang='lat' dir='ltr'>turpe,</span> <span class='ocrx_word' id='word_1_98' title='bbox 637 2503 888 2568; x_wconf 87' lang='lat' dir='ltr'>Atheniensium</span> <span class='ocrx_word' id='word_1_99' title='bbox 915 2526 1042 2570; x_wconf 89' lang='lat' dir='ltr'>summo</span> <span class='ocrx_word' id='word_1_100' title='bbox 1069 2505 1150 2589; x_wconf 79' lang='lat' dir='ltr'>viro,</span> 
     </span>
     <span class='ocr_line' id='line_1_17' title="bbox 142 2591 1150 2678; baseline -0.001 -20"><span class='ocrx_word' id='word_1_101' title='bbox 142 2615 289 2659; x_wconf 90' lang='lat' dir='ltr'>sororem</span> <span class='ocrx_word' id='word_1_102' title='bbox 307 2613 497 2678; x_wconf 78' lang='lat' dir='ltr'>germanam</span> <span class='ocrx_word' id='word_1_103' title='bbox 513 2591 632 2656; x_wconf 88' lang='lat' dir='ltr'>habere</span> <span class='ocrx_word' id='word_1_104' title='bbox 650 2592 686 2655; x_wconf 89' lang='lat' dir='ltr'>in</span> <span class='ocrx_word' id='word_1_105' title='bbox 703 2593 921 2676; x_wconf 90' lang='lat' dir='ltr'>matrimonio,</span> <span class='ocrx_word' id='word_1_106' title='bbox 941 2593 1060 2678; x_wconf 89' lang='lat' dir='ltr'>quippe</span> <span class='ocrx_word' id='word_1_107' title='bbox 1077 2615 1150 2657; x_wconf 91' lang='lat' dir='ltr'>cum</span> 
     </span>
     <span class='ocr_line' id='line_1_18' title="bbox 143 2681 1150 2765; baseline 0 -20"><span class='ocrx_word' id='word_1_108' title='bbox 143 2682 229 2746; x_wconf 84' lang='lat' dir='ltr'>cives</span> <span class='ocrx_word' id='word_1_109' title='bbox 256 2681 325 2746; x_wconf 86' lang='lat' dir='ltr'>eius</span> <span class='ocrx_word' id='word_1_110' title='bbox 353 2681 465 2746; x_wconf 88' lang='lat' dir='ltr'>eodem</span> <span class='ocrx_word' id='word_1_111' title='bbox 492 2683 663 2746; x_wconf 89' lang='lat' dir='ltr'>uterentur</span> <span class='ocrx_word' id='word_1_112' title='bbox 689 2681 853 2744; x_wconf 89' lang='lat' dir='ltr'>instituto.</span> <span class='ocrx_word' id='word_1_113' title='bbox 894 2685 929 2744; x_wconf 89' lang='lat' dir='ltr'>at</span> <span class='ocrx_word' id='word_1_114' title='bbox 958 2681 992 2744; x_wconf 92' lang='lat' dir='ltr'>id</span> <span class='ocrx_word' id='word_1_115' title='bbox 1020 2681 1150 2765; x_wconf 90' lang='lat' dir='ltr'>quidem</span> 
     </span>
     <span class='ocr_line' id='line_1_19' title="bbox 142 2765 1150 2834; baseline -0.002 0"><span class='ocrx_word' id='word_1_116' title='bbox 142 2769 265 2834; x_wconf 91' lang='lat' dir='ltr'>nostris</span> <span class='ocrx_word' id='word_1_117' title='bbox 289 2767 434 2832; x_wconf 89' lang='lat' dir='ltr'>moribus</span> <span class='ocrx_word' id='word_1_118' title='bbox 456 2765 548 2831; x_wconf 89' lang='lat' dir='ltr'>nefas</span> <span class='ocrx_word' id='word_1_119' title='bbox 566 2767 713 2832; x_wconf 90' lang='lat' dir='ltr'>habetur.</span> <span class='ocrx_word' id='word_1_120' title='bbox 746 2767 834 2832; x_wconf 88' lang='lat' dir='ltr'>laudi</span> <span class='ocrx_word' id='word_1_121' title='bbox 852 2768 887 2831; x_wconf 90' lang='lat' dir='ltr'>in</span> <span class='ocrx_word' id='word_1_122' title='bbox 905 2766 1003 2832; x_wconf 79' lang='lat' dir='ltr'>Creta</span> <span class='ocrx_word' id='word_1_123' title='bbox 1021 2769 1150 2834; x_wconf 90' lang='lat' dir='ltr'>ducitur</span> 
     </span>
     <span class='ocr_line' id='line_1_20' title="bbox 142 2854 1151 2939; baseline -0.002 -17"><span class='ocrx_word' id='word_1_124' title='bbox 142 2855 393 2922; x_wconf 84' lang='lat' dir='ltr'>adulescentulis</span> <span class='ocrx_word' id='word_1_125' title='bbox 408 2876 506 2938; x_wconf 91' lang='lat' dir='ltr'>quam</span> <span class='ocrx_word' id='word_1_126' title='bbox 521 2854 680 2939; x_wconf 89' lang='lat' dir='ltr'>plurimos</span> <span class='ocrx_word' id='word_1_127' title='bbox 698 2855 852 2920; x_wconf 85' lang='lat' dir='ltr'>habuisse</span> <span class='ocrx_word' id='word_1_128' title='bbox 867 2859 1038 2920; x_wconf 85' lang='lat' dir='ltr'>amatores.</span> <span class='ocrx_word' id='word_1_129' title='bbox 1060 2857 1151 2920; x_wconf 87' lang='lat' dir='ltr'>nulla</span> 
     </span>
     <span class='ocr_line' id='line_1_21' title="bbox 141 2943 1151 3027; baseline -0.002 -17"><span class='ocrx_word' id='word_1_130' title='bbox 141 2943 376 3010; x_wconf 74' lang='lat' dir='ltr'>Lacedaemoni</span> <span class='ocrx_word' id='word_1_131' title='bbox 393 2944 490 3008; x_wconf 87' lang='lat' dir='ltr'>vidua</span> <span class='ocrx_word' id='word_1_132' title='bbox 508 2947 576 3008; x_wconf 88' lang='lat' dir='ltr'>tam</span> <span class='ocrx_word' id='word_1_133' title='bbox 590 2947 642 3006; x_wconf 89' lang='lat' dir='ltr'>est</span> <span class='ocrx_word' id='word_1_134' title='bbox 659 2943 789 3027; x_wconf 89' lang='lat' dir='ltr'>nobilis,</span> <span class='ocrx_word' id='word_1_135' title='bbox 808 2965 889 3027; x_wconf 89' lang='lat' dir='ltr'>quae</span> <span class='ocrx_word' id='word_1_136' title='bbox 903 2964 970 3008; x_wconf 92' lang='lat' dir='ltr'>non</span> <span class='ocrx_word' id='word_1_137' title='bbox 983 2943 1024 3008; x_wconf 86' lang='lat' dir='ltr'>ad</span> <span class='ocrx_word' id='word_1_138' title='bbox 1038 2965 1151 3010; x_wconf 88' lang='lat' dir='ltr'>cenam</span> 
     </span>
     <span class='ocr_line' id='line_1_22' title="bbox 142 3031 1185 3117; baseline 0.003 -20"><span class='ocrx_word' id='word_1_139' title='bbox 142 3037 196 3098; x_wconf 87' lang='lat' dir='ltr'>eat</span> <span class='ocrx_word' id='word_1_140' title='bbox 215 3034 388 3114; x_wconf 89' lang='lat' dir='ltr'>[mercede]</span> <span class='ocrx_word' id='word_1_141' title='bbox 404 3031 594 3098; x_wconf 89' lang='lat' dir='ltr'>condictam.</span> <span class='ocrx_word' id='word_1_142' title='bbox 625 3033 753 3117; x_wconf 82' lang='lat' dir='ltr'>magnis</span> <span class='ocrx_word' id='word_1_143' title='bbox 772 3033 808 3096; x_wconf 91' lang='lat' dir='ltr'>in</span> <span class='ocrx_word' id='word_1_144' title='bbox 825 3032 974 3098; x_wconf 87' lang='lat' dir='ltr'>laudibus</span> <span class='ocrx_word' id='word_1_145' title='bbox 993 3035 1065 3096; x_wconf 89' lang='lat' dir='ltr'>tota</span> <span class='ocrx_word' id='word_1_146' title='bbox 1082 3032 1150 3097; x_wconf 89' lang='lat' dir='ltr'>fere</span> <span class='ocrx_word' id='word_1_147' title='bbox 1169 3052 1185 3101; x_wconf 81' lang='lat' dir='ltr'><strong>s</strong></span> 
     </span>
     <span class='ocr_line' id='line_1_23' title="bbox 142 3118 1149 3203; baseline 0 -17"><span class='ocrx_word' id='word_1_148' title='bbox 142 3120 206 3186; x_wconf 87' lang='lat' dir='ltr'>fuit</span> <span class='ocrx_word' id='word_1_149' title='bbox 220 3119 358 3186; x_wconf 81' lang='lat' dir='ltr'>Graecia</span> <span class='ocrx_word' id='word_1_150' title='bbox 375 3120 532 3184; x_wconf 84' lang='lat' dir='ltr'>victorem</span> <span class='ocrx_word' id='word_1_151' title='bbox 547 3118 717 3201; x_wconf 84' lang='lat' dir='ltr'>Olympiae</span> <span class='ocrx_word' id='word_1_152' title='bbox 736 3120 839 3203; x_wconf 82' lang='lat' dir='ltr'>citari,</span> <span class='ocrx_word' id='word_1_153' title='bbox 858 3121 893 3184; x_wconf 93' lang='lat' dir='ltr'>in</span> <span class='ocrx_word' id='word_1_154' title='bbox 911 3142 1060 3186; x_wconf 87' lang='lat' dir='ltr'>scaenam</span> <span class='ocrx_word' id='word_1_155' title='bbox 1074 3143 1149 3186; x_wconf 82' lang='lat' dir='ltr'>uero</span> 
     </span>
     <span class='ocr_line' id='line_1_24' title="bbox 142 3208 1151 3291; baseline 0.004 -21"><span class='ocrx_word' id='word_1_156' title='bbox 142 3209 271 3290; x_wconf 90' lang='lat' dir='ltr'>prodire</span> <span class='ocrx_word' id='word_1_157' title='bbox 299 3230 336 3273; x_wconf 91' lang='lat' dir='ltr'>ac</span> <span class='ocrx_word' id='word_1_158' title='bbox 363 3208 484 3291; x_wconf 90' lang='lat' dir='ltr'>populo</span> <span class='ocrx_word' id='word_1_159' title='bbox 513 3228 582 3272; x_wconf 86' lang='lat' dir='ltr'>esse</span> <span class='ocrx_word' id='word_1_160' title='bbox 610 3208 796 3290; x_wconf 90' lang='lat' dir='ltr'>spectaculo</span> <span class='ocrx_word' id='word_1_161' title='bbox 823 3208 945 3274; x_wconf 91' lang='lat' dir='ltr'>nemini</span> <span class='ocrx_word' id='word_1_162' title='bbox 972 3209 1007 3274; x_wconf 90' lang='lat' dir='ltr'>in</span> <span class='ocrx_word' id='word_1_163' title='bbox 1030 3209 1151 3274; x_wconf 91' lang='lat' dir='ltr'>eisdem</span> 
     </span>
    </p>
   </div>
   <div class='ocr_carea' id='block_1_7' title="bbox 25 3295 1151 3380">
    <p class='ocr_par' dir='ltr' id='par_1_7' title="bbox 25 3295 1151 3380">
     <span class='ocr_line' id='line_1_25' title="bbox 25 3295 1151 3380; baseline 0.002 -22"><span class='ocrx_word' id='word_1_164' title='bbox 25 3299 31 3321; x_wconf 84' lang='lat'>‘</span> <span class='ocrx_word' id='word_1_165' title='bbox 143 3296 295 3380; x_wconf 81' lang='lat' dir='ltr'>gentibus</span> <span class='ocrx_word' id='word_1_166' title='bbox 313 3295 377 3360; x_wconf 88' lang='lat' dir='ltr'>fuit</span> <span class='ocrx_word' id='word_1_167' title='bbox 395 3295 599 3378; x_wconf 89' lang='lat' dir='ltr'>turpitudini.</span> <span class='ocrx_word' id='word_1_168' title='bbox 632 3316 714 3378; x_wconf 89' lang='lat' dir='ltr'>quae</span> <span class='ocrx_word' id='word_1_169' title='bbox 729 3296 838 3361; x_wconf 89' lang='lat' dir='ltr'>omnia</span> <span class='ocrx_word' id='word_1_170' title='bbox 853 3297 937 3380; x_wconf 90' lang='lat' dir='ltr'>apud</span> <span class='ocrx_word' id='word_1_171' title='bbox 955 3318 1015 3362; x_wconf 93' lang='lat' dir='ltr'>nos</span> <span class='ocrx_word' id='word_1_172' title='bbox 1029 3298 1151 3380; x_wconf 86' lang='lat' dir='ltr'>partim</span> 
     </span>
    </p>
   </div>
   <div class='ocr_carea' id='block_1_8' title="bbox 142 3381 1184 3712">
    <p class='ocr_par' dir='ltr' id='par_1_8' title="bbox 143 3381 1151 3467">
     <span class='ocr_line' id='line_1_26' title="bbox 143 3381 1151 3467; baseline 0.002 -21"><span class='ocrx_word' id='word_1_173' title='bbox 143 3381 290 3466; x_wconf 83' lang='lat' dir='ltr'>infamia,</span> <span class='ocrx_word' id='word_1_174' title='bbox 317 3384 438 3467; x_wconf 88' lang='lat' dir='ltr'>partim</span> <span class='ocrx_word' id='word_1_175' title='bbox 465 3383 603 3448; x_wconf 86' lang='lat' dir='ltr'>humilio</span> <span class='ocrx_word' id='word_1_176' title='bbox 630 3387 729 3466; x_wconf 86' lang='lat' dir='ltr'>etque</span> <span class='ocrx_word' id='word_1_177' title='bbox 757 3385 799 3447; x_wconf 91' lang='lat' dir='ltr'>ab</span> <span class='ocrx_word' id='word_1_178' title='bbox 826 3385 996 3450; x_wconf 88' lang='lat' dir='ltr'>honestate</span> <span class='ocrx_word' id='word_1_179' title='bbox 1024 3389 1151 3449; x_wconf 89' lang='lat' dir='ltr'>remota</span> 
     </span>
    </p>

    <p class='ocr_par' dir='ltr' id='par_1_9' title="bbox 142 3471 1184 3556">
     <span class='ocr_line' id='line_1_27' title="bbox 142 3471 1184 3556; baseline 0.002 -20"><span class='ocrx_word' id='word_1_180' title='bbox 142 3475 316 3556; x_wconf 88' lang='lat' dir='ltr'>ponuntur.</span> <span class='ocrx_word' id='word_1_181' title='bbox 359 3475 473 3537; x_wconf 86' lang='lat' dir='ltr'>contra</span> <span class='ocrx_word' id='word_1_182' title='bbox 500 3493 538 3536; x_wconf 88' lang='lat' dir='ltr'>ea</span> <span class='ocrx_word' id='word_1_183' title='bbox 564 3471 718 3556; x_wconf 88' lang='lat' dir='ltr'>pleraque</span> <span class='ocrx_word' id='word_1_184' title='bbox 746 3473 868 3536; x_wconf 88' lang='lat' dir='ltr'>nostris</span> <span class='ocrx_word' id='word_1_185' title='bbox 896 3471 1041 3537; x_wconf 90' lang='lat' dir='ltr'>moribus</span> <span class='ocrx_word' id='word_1_186' title='bbox 1074 3475 1184 3538; x_wconf 84' lang='lat' dir='ltr'>sunto</span> 
     </span>
    </p>

    <p class='ocr_par' dir='ltr' id='par_1_10' title="bbox 142 3559 1151 3712">
     <span class='ocr_line' id='line_1_28' title="bbox 142 3559 1151 3644; baseline -0.004 -19"><span class='ocrx_word' id='word_1_187' title='bbox 142 3559 271 3643; x_wconf 87' lang='lat' dir='ltr'>decora,</span> <span class='ocrx_word' id='word_1_188' title='bbox 299 3580 381 3642; x_wconf 86' lang='lat' dir='ltr'>quae</span> <span class='ocrx_word' id='word_1_189' title='bbox 404 3559 489 3641; x_wconf 89' lang='lat' dir='ltr'>apud</span> <span class='ocrx_word' id='word_1_190' title='bbox 511 3559 586 3624; x_wconf 91' lang='lat' dir='ltr'>illos</span> <span class='ocrx_word' id='word_1_191' title='bbox 610 3559 719 3642; x_wconf 89' lang='lat' dir='ltr'>turpia</span> <span class='ocrx_word' id='word_1_192' title='bbox 741 3564 907 3644; x_wconf 73' lang='lat' dir='ltr'>putantur,</span> <span class='ocrx_word' id='word_1_193' title='bbox 945 3580 1041 3641; x_wconf 89' lang='lat' dir='ltr'>quem</span> <span class='ocrx_word' id='word_1_194' title='bbox 1065 3559 1151 3622; x_wconf 89' lang='lat' dir='ltr'>enim</span> 
     </span>
     <span class='ocr_line' id='line_1_29' title="bbox 196 3667 991 3712; baseline 0 0"><span class='ocrx_word' id='word_1_195' title='bbox 196 3670 333 3712; x_wconf 72' lang='lat' dir='ltr'>coarsuros</span> <span class='ocrx_word' id='word_1_196' title='bbox 348 3671 436 3711; x_wconf 74' lang='lat' dir='ltr'>Nanos.</span> <span class='ocrx_word' id='word_1_197' title='bbox 978 3667 991 3712; x_wconf 88' lang='lat'>1</span> 
     </span>
    </p>
   </div>
   <div class='ocr_carea' id='block_1_9' title="bbox 0 0 1306 3906">
    <p class='ocr_par' dir='ltr' id='par_1_11' title="bbox 0 0 1306 3906">
     <span class='ocr_line' id='line_1_30' title="bbox 0 0 1306 3906; baseline 0 0"><span class='ocrx_word' id='word_1_198' title='bbox 0 0 1306 3906; x_wconf 95' lang='lat' dir='ltr'> </span> 
     </span>
    </p>
   </div>
  </div>
 </body>
</html>
