2598 3906
409 215 444 268 ΙΙ.
463 213 745 270 THEMISTOGLES.
773 219 867 268 8-10.
906 169 909 174 ἡ
1101 213 1141 277 13

134 373 254 422 navem'
274 357 381 422 tenuit
403 358 438 422 in
461 359 588 424 ancoris
606 380 710 442 neque
730 379 925 442 quemquam
944 379 983 422 ex
1001 379 1039 422 ea
1057 359 1143 422 exire

135 467 251 530 passus
275 451 334 510 est.
373 446 447 510 inde
470 445 639 530 Ephesum
661 446 809 531 pervenit
831 446 940 530 ibique
964 445 1144 510 Themisto-

135 535 236 688 clea
248 534 389 618 exponit.
440 535 491 599 cui
524 535 579 598 ille
608 557 668 618 pro
699 535 825 600 meritis
856 538 972 618 postea
1003 533 1144 619 gratiam

135 626 186 686 ret
237 623 273 686 it.

227 708 301 776 Seio
320 711 538 795 plerosque't
510 733 523 774 1
540 731 559 774 a
577 711 755 795 scripsisse,
772 710 1026 776 Themistoclem
1039 708 1145 774 Xerxe
1163 711 1183 776 9

136 799 322 886 regnante'
312 820 349 863 ιιι
361 797 476 863 Asiam
495 799 661 864 transisse
694 799 750 864 sed
764 820 825 900 ego
838 798 1054 900 potissimum.
1061 796 1146 862 Thu·

137 887 245 972 oydidi
269 886 373 970 credo,
397 887 483 970 quod
504 891 535 952 ei
555 891 662 951 aetate
685 887 852 971 proximus
871 886 949 952 de''
928 908 978 970 us,
1002 908 1058 970 qus
1048 885 1146 949 illo-

136 997 210 1040 rum
229 979 414 1075 temporum
431 975 605 1042 historiam
623 975 835 1059 reliquerunt,
858 979 892 1039 et
909 973 1098 1039 eiusdem'
1071 973 1146 1038 o1vi·

137 1063 219 1127 tatis
246 1061 319 1133 fuit.
362 1063 393 1128 is
421 1067 531 1128 autem
559 1063 606 1128 ait
635 1063 676 1128 ad
698 1062 900 1128 Artaxerxen
923 1084 998 1128 eum
1020 1062 1147 1128 venisse

139 1155 238 1233 atque
256 1149 308 1214 his
327 1150 435 1216 verbis
454 1151 629 1235 epistulam
643 1151 784 1216 misisse:
808 1151 1059 1216 ‘Themistocles
1073 1150 1147 1214 veni
1165 1168 1182 1217 a

138 1238 179 1304 ad
202 1242 246 1322 te,
269 1237 325 1320 qui
343 1239 486 1321 plurima
502 1239 589 1302 mala
607 1239 751 1303 omnium
771 1238 944 1304 Graiorum
962 1239 997 1302 in
1014 1239 1148 1304 domum

138 1331 230 1390 tuam
267 1325 378 1410 intuli,
417 1326 571 1410 quamdiu
605 1325 685 1390 mihi
717 1347 847 1390 necesse
881 1325 946 1388 fuit
977 1325 1148 1390 adversum

138 1437 181 1499 pa
182 1419 266 1479 trem
280 1418 374 1480 tuum
387 1414 509 1480 bellare
523 1413 728 1497 patriamque
742 1435 849 1479 meam
862 1412 1039 1478 defendere.
1062 1413 1152 1477 idem
1166 1432 1183 1481 3
1241 1437 1244 1446 ·

139 1503 244 1567 multo
267 1503 362 1585 plura
383 1503 471 1567 bona
493 1501 556 1566 feci
561 1502 799 1586 ‚postquam
790 1523 825 1566 m
847 1501 953 1566 tuto
944 1522 1014 1584 :pse
1037 1505 1071 1565 et
1093 1501 1148 1564 ille

140 1591 174 1654 in
200 1591 345 1674 periculo
376 1611 447 1655 esse
475 1553 590 1674 coepit
634 1612 711 1654 nam
735 1611 807 1654 oum
835 1590 870 1654 in
893 1589 1007 1654 Asiam
1029 1589 1149 1653 reverti

140 1678 238 1743 vellet
260 1678 385 1762 proelio
409 1678 495 1762 apud
519 1675 684 1744 Salamina
710 1677 813 1763 facto,
842 1678 898 1742 litt
884 1678 963 1742 teris
987 1699 1061 1742 eum
1085 1699 1149 1742 oer-

140 1768 258 1831 tiorem
280 1766 343 1830 feci
370 1765 403 1830 id
427 1767 480 1852 agi
502 1770 541 1830 ut
562 1789 660 1850 pons,
688 1788 785 1850 quem
811 1766 847 1830 in
868 1765 1082 1850 Hellesponto
1106 1766 1149 1830 fe-

141 1859 243 1937 cerat,
275 1854 507 1918 dissolveretur
534 1857 631 1936 atque
659 1855 699 1918 ab
725 1854 883 1920 'hostibus
911 1854 1149 1919 circumiretur:

142 1963 206 2026 quo
234 1941 350 2006 nuntio
378 1941 433 2002 ille
460 1940 605 2022 periculo
633 1946 684 2006 est
714 1943 882 2006 liberatus.
926 1963 1012 2006 nunc
1039 1946 1184 2008 auteurs

142 2028 274 2114 confugi
293 2028 334 2092 ad
352 2031 385 2091 te
400 2028 584 2112 exagitatus
599 2050 618 2090 a
632 2033 748 2092 cuncta
763 2027 908 2110 Graecia,
925 2032 1017 2092 tuam
1035 2033 1149 2111 petens

143 2116 336 2182 amicitiam:
361 2137 458 2198 quam
477 2115 506 2180 si
525 2137 579 2179 ero
595 2115 740 2200 adeptus,
757 2136 825 2179 non
838 2114 945 2180 minus
960 2135 1011 2177 me
1027 2115 1150 2180 bonum

143 2205 283 2271 amioum
304 2204 452 2288 habebis,
475 2225 573 2287 quam
595 2203 715 2268 fortem
736 2203 905 2268 inimicum
923 2201 978 2266 ille
997 2207 1149 2287 expertus

143 2299 202 2358 est.
234 2298 268 2357 te
287 2297 397 2358 autem
415 2313 506 2379 rogo,
529 2296 566 2356 ut
585 2291 623 2356 de
642 2292 682 2358 iis
702 2292 808 2375 rebus,
827 2312 907 2375 quas
926 2294 1034 2356 tecum
1053 2292 1150 2356 collo-

143 2383 200 2466 qui
226 2382 314 2465 solo,
342 2403 485 2446 annuum
512 2380 593 2446 mihi
621 2384 749 2464 tempus
777 2380 833 2444 des
857 2401 959 2463 eoque
982 2383 1149 2446 transacto

144 2471 184 2535 ad
207 2470 372 2536 tevenire
394 2467 552 2552 patiaris?
1088 2509 1091 2514 -

230 2556 337 2623 Huius
356 2579 412 2622 rex
431 2557 531 2622 animi
549 2557 805 2643 magnitudinem
824 2556 987 2622 admirans
1006 2557 1151 2642 cupiens·
1163 2558 1204 2623 10

144 2667 206 2730 que
238 2647 339 2710 talem
368 2646 475 2709 virum
507 2645 570 2710 sibi
600 2645 766 2710 conciliari
793 2645 921 2708 veniam
953 2645 1049 2708 dedit.
1095 2645 1150 2710 ille

145 2755 239 2798 omne
258 2733 339 2796 illud
357 2736 486 2816 tempus
505 2733 626 2796 litteris
640 2731 845 2814 sermonique
859 2730 1032 2796 Persarum
1049 2733 1151 2798 dedit:

144 2822 262 2906 quibus
282 2820 362 2886 adeo
382 2819 527 2884 eruditus
546 2823 605 2904 est,
627 2824 665 2884 ut
682 2819 786 2883 multo
806 2819 1006 2884 commodius
1025 2820 1151 2886 dicatur

143 2908 502 3064 ttlttttllll
507 2906 1185 3098 fellituhlldhlligllslsdlld2

144 3087 228 3152 citus
252 3086 540 3172 gratissimumque
563 3085 653 3167 illud,
676 3085 704 3148 si
726 3084 793 3148 suis
812 3083 861 3148 uti
880 3083 1024 3148 consiliis
1043 3085 1151 3170 vellet,

11 3216 14 3225 ·
144 3173 237 3238 illum
257 3173 427 3240 Graeciam
445 3173 531 3237 bello
552 3193 789 3274 oppressurum,
812 3171 938 3258 magnis
963 3137 1151 3240 muneribus,

8 3264 16 3318 l
145 3262 186 3326 ah
210 3261 390 3328 Artaxerxe
414 3261 584 3362 donatus
575 3283 610 3325 ιιι
630 3259 744 3326 Asiam
767 3260 864 3324 rediit
887 3260 1150 3362 domiciliumque

15 3402 17 3412 .
144 3347 331 3434 Magnesiae
355 3350 418 3414 sibi
438 3354 543 3416 constr
532 3349 618 3413 ituit.
652 3369 792 3432 namque
810 3348 894 3414 hane
912 3349 1075 3414 urbeme1
1093 3364 1185 3413 rexu

144 3437 291 3520 donarat,
312 3437 364 3501 his
388 3438 517 3520 quidem
539 3437 661 3521 verbis,
680 3458 765 3520 ¹quae
789 3435 819 3500 ei
841 3457 957 3520 panem
980 3437 1150 3520 praeberet

145 3523 198 3612 (ex
222 3547 285 3610 qua
308 3525 438 3611 regione
463 3525 690 3611 quinquagena
716 3525 842 3590 talenta
869 3524 1042 3606 quotannis
1070 3521 1150 3584 redi-
