2596 3910
451 232 537 290 XVII.
556 231 764 288 AGESILAUS.
793 239 870 288 6—8.
1118 231 1161 295 69

158 377 359 462 apparuerit,
389 377 453 442 nisi
485 377 542 442 ille
573 376 704 462 fuisset,
738 374 889 461 Spartam
921 375 1065 442 futuram
1096 396 1162 441 uon

158 465 266 531 fuisse.
310 465 432 550 inquo
457 465 587 549 quidem
616 465 800 531 discrimine
824 465 973 530 celeritas
997 463 1066 528 eius
1090 479 1196 529 con-2

159 555 224 620 silii
243 553 342 618 saluti
364 553 429 618 fuit
446 553 615 620 universis.
650 575 727 619 nam
746 575 820 619 oum
834 553 966 636 quidam
980 551 1162 616 adulescen-

157 643 219 708 tuli
250 642 397 706 hostium
427 642 566 707 adventu
597 642 764 726 perterriti
792 642 832 706 ad
859 640 1031 705 Thebanos
1059 644 1163 704 trans-

157 731 270 818 fugere
288 730 409 796 vellent
427 734 461 796 εὴ
478 731 586 795 locum
610 735 702 795 extra
718 731 833 795 urbem
851 728 974 794 editum
993 728 1163 812 cepissent,

157 819 345 904 Agesilaus,
373 819 429 902 qui
455 818 767 902 perniciosissimum
789 817 858 882 fore
881 817 1018 900 rideret,
1047 817 1075 881 si
1098 815 1163 880 ani-

158 908 364 974 madversum
396 911 483 972 esset
515 928 710 990 quemquam
742 907 783 972 ad
814 906 926 971 hostes
959 903 1162 989 transfugere

159 995 283 1079 conari,
310 1015 383 1060 cum
411 996 477 1060 suis
506 1017 544 1060 eo
572 996 661 1060 venit
688 999 799 1078 atque,
827 999 865 1059 ut
892 994 920 1059 si
943 994 1029 1059 bono
1054 993 1161 1058 animo

159 1084 322 1166 fecissent,
343 1083 488 1148 laudavit
511 1083 683 1149 consilium
706 1105 826 1167 eorum,
850 1082 936 1166 quod
959 1104 1032 1147 eum
1054 1082 1163 1146 locum

160 1176 384 1254 occupassent:
407 1171 440 1236 id
464 1192 497 1236 se
517 1192 644 1254 quoque
663 1171 733 1236 fieri
751 1170 867 1236 debere
887 1170 1162 1235 animadvertisse.

160 1261 207 1325 sic
240 1259 460 1324 adulescentes
493 1258 646 1323 simulata
677 1258 863 1323 laudatione
895 1256 1098 1342 recuperavit
1130 1259 1197 1320 ete

130 1385 131 1389 =
160 1347 321 1414 adiunctis
353 1347 392 1412 de
425 1347 492 1412 suis
524 1345 698 1412 comitibus
734 1347 842 1411 locum
878 1349 986 1410 tutum
1022 1343 1162 1425 reliquit.

159 1457 298 1520 namque
318 1435 368 1500 illi
387 1435 512 1501 adiecto
531 1457 665 1500 numero
685 1456 805 1519 eorum,
829 1434 884 1518 qui
903 1436 1051 1518 expertes
1071 1435 1164 1496 erant

160 1525 295 1608 consilii,
319 1544 521 1590 commovere
545 1545 578 1588 se
601 1545 667 1589 non
690 1527 767 1588 sunt
790 1522 860 1587 ausi
879 1543 981 1606 eoque
999 1519 1163 1601 libentius,

160 1615 245 1699 quod
267 1613 370 1678 latere
394 1612 638 1678 arbitrabantur
661 1633 743 1696 quae
766 1611 998 1697 cogitaverant.

249 1700 325 1766 Sine
357 1701 455 1766 dubio
487 1705 564 1785 post
595 1699 799 1767 Leuctricam
833 1721 976 1786 pugnam
1007 1694 1202 1762 Lacedae?

162 1790 262 1854 monii
290 1810 324 1852 se
351 1810 529 1870 numquam
555 1789 737 1854 refecerunt
763 1810 868 1872 neque
900 1787 1075 1872 pristinum
1106 1785 1165 1848 irn-

160 1877 540 1962 periumhecuperarunt,
558 1898 632 1941 curn
649 1877 783 1942 interim
799 1897 977 1958 numquam
991 1873 1164 1959 Agesilaus

160 1965 289 2030 destitit
318 1962 573 2046 quibuscumque
604 1963 700 2028 rebus
732 1967 844 2046 posset
874 1963 1015 2046 patriam
1045 1962 1165 2024 iuvare.

160 2075 237 2120 uam
260 2073 334 2116 cum
355 2051 527 2135 praecipue
545 2048 792 2116 Lacedaemonii
815 2050 998 2135 indigerent
1020 2047 1200 2132 pecuniae

91 2135 95 2144 ’
161 2143 216 2207 ille
241 2139 400 2222 omnibus,
424 2139 480 2222 qui
503 2159 522 2202 a
544 2158 620 2224 rege
644 2137 841 2222 defecerant,
863 2136 1024 2220 praesidio
1047 2133 1123 2199 fuit:
1147 2155 1166 2198 a

161 2229 278 2315 quibus
311 2246 430 2312 magna
461 2225 600 2291 donatus
632 2227 768 2310 pecunia
803 2226 944 2310 patriam
977 2221 1164 2288 sublevavit.

161 2322 259 2402 atque
273 2317 307 2381 in
320 2315 384 2380 hoo
397 2314 478 2380 illud
492 2315 641 2400 inprimis
655 2314 718 2380 fuit
728 2315 928 2398 admirabile,
942 2335 1016 2378 oum
1026 2310 1167 2376 maxima
1184 2326 1201 2374 a

160 2426 295 2472 munera
317 2404 346 2470 ei
370 2404 410 2468 ab
434 2404 565 2488 regibus
589 2425 627 2468 ac
650 2403 797 2487 dynastis
821 2402 1072 2486 civitatibusque
1093 2420 1166 2465 oon-

160 2495 335 2576 ferrentur,
358 2491 443 2577 quod
466 2492 549 2556 nihil
572 2513 726 2576 umquam
749 2492 880 2558 domum
903 2513 996 2556 suam
1019 2489 1167 2571 eontulit,

159 2583 242 2646 nihil
257 2582 295 2646 de
309 2581 408 2664 rictu,
425 2580 508 2645 nihil
523 2581 561 2645 de
575 2581 697 2646 vestitu
711 2579 876 2646 Laconum
890 2577 1038 2645 mutavit.
1069 2578 1165 2642 domo
1184 2591 1202 2642 e

161 2669 273 2734 eadem
304 2667 369 2733 fuit
401 2671 585 2752 contentus,
618 2689 681 2751 qua
708 2667 945 2752 Eurystheues,
976 2665 1167 2751 progenitor

162 2757 322 2822 maiorum
354 2777 503 2838 suorum,
535 2755 641 2821 fuerat
672 2777 764 2820 usus:
802 2776 899 2839 quam
931 2755 987 2838 qui
1018 2755 1167 2834 intrarat,

160 2845 286 2910 nullum
314 2844 444 2930 signum
470 2843 629 2928 libidinis,
656 2845 782 2909 nullum
804 2843 950 2908 luxuriae
977 2841 1085 2906 ridere
1112 2861 1167 2924 po·

161 2937 256 3017 terat,
279 2936 393 2999 contra
412 2953 450 2998 ea
469 2931 610 3015 plurima
628 2931 805 3015 patientiae
824 2936 922 3016 atque
941 2929 1166 2994 abstinentiae.

161 3023 208 3088 sic
231 3022 317 3087 enim
341 3025 413 3086 erat
435 3021 605 3104 instructa,
628 3025 665 3084 ut
689 3021 722 3084 in
745 3020 836 3084 nulla
857 3041 892 3084 re
915 3017 1058 3084 differret
1076 3039 1097 3082 o
1115 3039 1166 3082 cu·

161 3110 261 3174 iusvis
285 3109 392 3194 inopis
417 3113 514 3192 atque
537 3109 666 3193 privati.
763 3153 764 3156 ,

248 3197 357 3281 Atque
385 3197 440 3262 hic
467 3200 579 3260 tantus
607 3197 657 3260 vir
684 3200 722 3261 ut
743 3200 895 3260 naturam
917 3195 1088 3262 fautricem
1111 3197 1205 3262 ha·8

160 3286 276 3350 buerat
298 3285 333 3349 in
355 3285 536 3349 tribuendis
565 3285 666 3348 animi
693 3284 883 3369 virtutibus,
912 3285 958 3351 sic
985 3285 1166 3351 maleficam

160 3376 275 3439 nactus
303 3373 414 3439 estin
442 3393 576 3456 corpore
603 3372 768 3460 fingendo:
797 3394 874 3438 nam
897 3377 930 3439 εὴ
953 3377 1080 3438 statura
1103 3371 1166 3434 fuit

159 3461 276 3526 humili
295 3465 328 3526 et
346 3481 480 3544 corpore
500 3461 615 3546 exiguo
636 3465 669 3525 et
689 3460 820 3526 claudus
841 3461 943 3526 altero
962 3459 1050 3543 pede.
1084 3478 1166 3541 quae

160 3571 212 3616 res
242 3549 342 3616 etiam
373 3547 562 3613 nonnullam
594 3547 750 3613 afferebat
782 3548 1036 3628 deformitatem,
1068 3547 1166 3630 atque
1289 3567 1290 3572 ¹
