2598 3906
179 225 223 290 34
542 225 586 280 IX.
607 225 739 281 CONON.
769 231 793 280 1.
808 233 832 282 2,

550 409 610 481 IX.
640 408 812 482 OONON.

145 547 163 612 1
269 545 382 613 Gonon
400 545 609 611 Atheniensis
628 545 865 629 Peloponnesio
884 545 971 610 bello
990 547 1130 611 accessit
1150 549 1192 613 ad

180 657 250 700 rem
273 635 445 720 publicam,
467 634 502 697 in
524 654 626 718 eoque
650 633 719 697 eius
743 656 843 718 opera
865 635 975 720 magni
997 633 1069 699 fuit.
1111 657 1191 700 narn

180 727 214 789 at
245 727 377 809 praetor
407 722 611 806 pedestribus
640 721 836 786 exercitibus
863 721 1005 806 praefuit
1034 727 1068 786 et
1097 745 1191 806 prae·

180 811 284 876 fectus
308 811 421 874 classis
445 830 580 895 magnas
600 809 682 874 mari
695 829 744 875 res
757 811 869 894 gessit.
907 833 987 894 quas
1007 811 1047 875 ob
1072 832 1189 877 causas

179 898 369 982 praecipuus
400 897 429 962 ei
461 897 565 962 honos
596 897 729 962 habitus
760 902 818 962 est.
863 919 1003 982 namque
1037 899 1190 964 omnibus

178 1006 261 1050 unus
288 985 404 1050 insulis
432 984 587 1070 praefuit,
614 987 649 1050 in
672 1007 735 1069 qua
757 989 922 1068 potestate
945 986 1068 1052 Pheras
1092 989 1190 1072 cepit,

144 1090 160 1137 a
179 1073 341 1138 coloniam
358 1072 696 1139 Lacedaemoniorum.
728 1073 792 1138 fuit
811 1073 911 1138 etiam
931 1079 1076 1140 extremo
1094 1075 1189 1141 Pelo-

179 1163 334 1246 ponnesio
352 1162 439 1228 bello
458 1167 599 1248 praetor,
618 1185 692 1229 eum
711 1162 795 1246 apud
809 1161 918 1250 Aegos
937 1163 1058 1228 fiumen
1075 1165 1189 1248 copiae

179 1251 429 1317 Atheniensium
457 1253 497 1316 ab
525 1250 693 1337 Lysandro
727 1256 803 1316 sunt
834 1251 986 1316 denotas.
1032 1251 1088 1316 sed
1116 1256 1190 1317 turn

180 1341 273 1427 afuit,
292 1363 394 1425 eoque
408 1343 500 1425 peius
515 1363 566 1406 res
581 1341 808 1406 administrata
822 1343 884 1403 est:
907 1361 983 1402 nam
997 1343 1031 1401 et
1043 1340 1189 1420 prudens

144 1444 160 1491 3
180 1430 228 1493 rei
246 1431 398 1494 militaris
418 1435 451 1494 et
469 1430 607 1515 diligens
627 1432 696 1492 erat
714 1429 898 1510 imperator.
932 1426 1043 1506 itaque
1061 1429 1191 1494 nemini

179 1522 250 1580 erat
272 1519 313 1581 iis
336 1517 537 1599 temporibus
562 1516 707 1596 dubium,
730 1513 758 1576 si
781 1511 940 1594 affuisset,
970 1511 1060 1574 illam
1083 1511 1191 1581 Athe·

177 1603 306 1666 nienses
330 1603 552 1666 calamitatem
575 1605 763 1683 accepturos
786 1619 852 1663 non
874 1597 983 1664 fuisse.

142 1689 163 1754 2
266 1688 376 1754 Rebus
414 1693 523 1752 autem
560 1687 709 1770 afflictis,
750 1709 823 1752 cum
863 1688 1005 1771 patriam
1043 1690 1189 1756 obsideri

179 1776 330 1861 audisset,
347 1798 413 1841 non
428 1776 597 1860 quaesivit,
615 1775 673 1839 ubi
691 1775 761 1860 ipse
780 1779 853 1840 tuto
874 1776 1007 1862 viveret,
1027 1778 1082 1842 sed
1100 1779 1188 1844 unde
1290 1775 1291 1780 ’

177 1865 338 1950 praesidio
362 1869 475 1949 posset
498 1885 568 1928 esse
592 1863 716 1928 civibus
740 1865 817 1929 suis.
851 1865 963 1950 itaque
987 1866 1127 1932 contulit
1151 1889 1187 1932 sa

179 1954 219 2020 ad
241 1953 494 2038 Pharnabazum,
518 1956 682 2038 satrapem
704 1951 817 2019 Ioniae
841 1958 874 2019 et
892 1953 1013 2040 Lydiae
1037 1955 1187 2020 eundem·
1293 1940 1294 1974 ¹

180 2066 275 2128 quem
303 2065 455 2130 generum
482 2041 568 2127 regis
596 2046 630 2106 et
656 2045 888 2128 propinquum:
917 2045 1002 2128 apud
1029 2065 1124 2127 quern
1146 2048 1186 2108 ut

179 2133 319 2198 multum
342 2131 448 2217 gratia
469 2130 601 2216 valeret,
624 2132 728 2196 multo
752 2133 863 2196 labore
882 2133 1058 2214 multisque
1078 2131 1185 2195 effecit

143 2221 338 2306 apericulis.
383 2241 459 2282 nam
489 2240 562 2283 cum
585 2217 831 2283 Lacedaemonii
854 2218 1110 2282 Atheniensibus
1134 2219 1185 2283 de

179 2309 273 2372 victis
292 2308 327 2370 in
346 2307 501 2371 societate
519 2328 586 2370 non
604 2312 781 2390 manerent,
800 2328 897 2389 quam
916 2327 989 2370 cum
1003 2305 1184 2372 Artaxerxe

178 2395 330 2478 fecerant,
352 2393 607 2479 Agesilaumque
632 2394 791 2458 bellatum
814 2394 981 2458 misissent
1002 2394 1038 2459 in
1060 2393 1185 2479 Asiam,

178 2483 315 2548 maxime
337 2483 472 2566 impulsi
495 2506 514 2547 a
536 2482 767 2566 Tissapherne,
797 2482 853 2565 qui
880 2503 919 2546 ex
946 2483 1072 2548 intimis
1095 2484 1184 2569 regis

178 2572 218 2636 ab
234 2571 379 2636 amicitia
392 2571 460 2636 eius
476 2570 636 2637 defecerat
650 2575 683 2634 et
698 2591 771 2634 oum
782 2569 1046 2636 Lacedaemoniis
1062 2572 1185 2637 coierat

179 2660 381 2745 societatem,
413 2660 499 2725 huno
532 2660 683 2724 adversus
711 2657 941 2725 Pharnabazus
972 2659 1104 2725 habitus
1133 2664 1184 2724 est

178 2750 365 2834 imperator,
397 2771 430 2812 re
459 2749 588 2832 quidem
615 2769 691 2812 vera
718 2749 874 2813 exercitui
905 2748 1047 2833 praefuit
1070 2747 1184 2814 Conon

142 2853 159 2902 a
179 2839 310 2922 eiusque
330 2838 439 2902 omnia
457 2837 593 2901 arbitrio
612 2839 704 2921 gesta
723 2839 808 2900 sunt.
839 2836 893 2901 hic
912 2836 1051 2900 multum
1069 2835 1184 2900 ducem

179 2948 342 2991 summum
360 2925 550 3012 Agesilaum
572 2923 741 3007 impedivit
764 2945 922 3008 saepeque
946 2924 1014 2986 eius
1038 2921 1183 2987 consiliis

178 3015 323 3098 obstitit,
354 3035 457 3098 neque
484 3035 560 3078 vero
587 3034 653 3077 non
685 3011 749 3076 fuit
781 3015 943 3096 apertum,
975 3009 1004 3074 si
1033 3009 1089 3073 ille
1116 3031 1184 3076 non

176 3099 306 3184 fuisset,
338 3101 531 3187 Agesilaum
562 3100 676 3166 Asiam
708 3099 814 3165 Tauro
854 3103 948 3164 tanus
980 3097 1050 3184 regi
1081 3095 1183 3163 fuisse

144 3193 372 3273 {erepturum
419 3191 474 3273 qui
505 3193 719 3273 posteaquam
751 3187 883 3254 domum
913 3209 932 3252 a
960 3187 1027 3252 suis
1058 3185 1182 3252 civibus

176 3280 346 3342 revocatus
374 3281 438 3360 est,
469 3278 555 3361 quod
582 3277 699 3342 Boeoti
727 3280 760 3341 et
782 3275 998 3341 Athenienses
1026 3273 1183 3341 Lacedae

178 3365 294 3431 moniis
321 3363 443 3429 bellum
471 3365 667 3449 indixerant,
697 3363 811 3431 Conon
836 3365 940 3430 nihilo
969 3365 1070 3430 setius
1099 3361 1182 3447 ap'ud

178 3454 357 3538 praefectos
389 3452 476 3536 regis
509 3453 702 3516 versabatur
737 3453 842 3536 iisque
875 3454 1026 3519 omnibus
1063 3469 1181 3534 magno

177 3547 249 3606 erat
270 3542 352 3606 usui.
