2596 3910
415 233 515 287 xxm.
534 232 732 288 HANNIBAL.
764 191 876 286 ιο-ἰι.
1117 233 1160 297 95

150 383 223 443 erat
244 378 358 442 navale
376 378 547 460 proelium,
571 375 756 440 classiarios
776 379 933 440 convocat
950 375 1056 458 iisque
1072 399 1161 460 prae·

152 467 246 550 cipit,
276 485 388 529 omnes
416 467 454 528 ut
481 465 516 528 in
545 485 644 528 unam
666 463 823 528 Eumenis
852 463 939 548 regis
967 468 1161 528 concurrant

151 575 291 705 {ibit
310 551 903 724 attitulatumtuddul
922 551 1161 704 {indefiniti

151 751 207 794 rex
231 732 342 793 autem
359 727 395 791 in
413 749 477 811 qua
494 749 576 792 nave
595 726 776 810 veheretur,
798 731 837 792 ut
855 727 984 812 scirent,
1008 749 1042 792 se
1060 728 1163 792 factu-
1181 744 1196 791 6

151 839 237 883 rum:
262 837 358 899 quem
377 815 406 880 si
425 819 482 880 aut
505 815 668 901 cepissent
691 819 748 880 aut
771 815 1020 900 interfecissent,
1042 836 1161 900 magno

151 906 192 970 iis
215 904 390 988 pollicetur
412 903 558 988 praemio
581 903 659 967 fore.
695 903 755 967 tali
774 904 1000 968 cohortatione
1019 903 1209 968 militumll

151 995 240 1058 facta
254 992 368 1056 classis
383 992 424 1055 ab
439 991 586 1075 utrisque
600 992 636 1055 in
648 992 810 1075 proelium
823 992 1000 1057 deducitur.
1025 1014 1163 1075 quarum

154 1082 222 1146 acie
254 1080 447 1164 constituta,
478 1081 668 1164 priusquam
698 1080 829 1180 signum
860 1102 989 1165 pugnae
1021 1080 1154 1144 daretur

153 1168 331 1252 Hannibal,
357 1172 396 1232 ut
422 1169 532 1268 palam
559 1169 682 1231 faceret
705 1167 786 1251 suis,
817 1189 881 1250 quo
904 1169 976 1232 loco
1000 1130 1163 1318 Eumenes

155 1261 249 1341 esset,
272 1219 512 1320 tabellarium
503 1278 538 1319 ιιι
561 1255 681 1338 scapha
700 1277 774 1319 cum
793 1256 932 1320 caduceo
956 1257 1046 1318 mitti
1047 1255 1197 1337 aquia

154 1345 212 1410 ubi
240 1309 284 1409 'ad
318 1365 416 1408 naves
449 1343 708 1408 adversariorum
744 1343 892 1426 pervenit
925 1305 1164 1426 epistulamque

155 1413 328 1498 ostendens
351 1453 385 1497 sc
409 1453 521 1516 regem
542 1430 710 1515 professus
735 1435 785 1494 est
804 1452 967 1514 quaerere,
991 1430 1105 1494 statim
1124 1431 1165 1494 ad

154 1522 334 1586 Eumenem
361 1519 517 1584 deductus
546 1523 610 1602 cst,
642 1518 728 1601 quod
750 1539 845 1581 nemo
879 1519 1051 1582 dubitabat
1086 1519 1165 1600 quin

152 1593 278 1692 aliquid
301 1609 339 1672 de
358 1629 437 1690 pace
456 1611 542 1670 esset
561 1606 727 1688 seriptum
764 1605 955 1670 tabellarius
974 1605 1064 1670 ducis
1082 1627 1165 1670 nave

156 1696 321 1760 declarata
344 1695 410 1758 suis
434 1695 560 1778 eodem,
583 1694 668 1758 unde
691 1698 762 1757 erat
785 1714 951 1793 egressus,
974 1715 1009 1758 se
1031 1694 1164 1777 recepit.

157 1788 192 1848 at
214 1781 377 1845 Eumenes
400 1781 508 1844 soluta
531 1782 671 1864 epistula
693 1780 813 1845 nihil
803 1802 838 1844 m
865 1803 903 1845 ea
930 1782 1074 1866 repperit
1100 1781 1199 1846 nisis
1244 1835 1265 1861 ,

157 1892 240 1955 quae
269 1869 309 1932 ad
336 1867 534 1932 irridendum
561 1891 635 1932 eum
661 1869 870 1952 pertinerent.
917 1870 1007 1933 cuius
1034 1871 1080 1934 rei
1102 1870 1165 1934 etsi

157 1979 289 2024 causam
312 1955 453 2020 mirabat
439 1959 493 2018 tur
514 1977 619 2038 neque
642 1957 838 2039 reperiebat,
868 1961 979 2021 tamen
1005 1956 1166 2040 proelium

157 2046 272 2112 statim
296 2043 500 2108 committere
521 2065 588 2108 non
611 2044 781 2109 dubitavit.
819 2044 964 2109 horum
954 2067 989 2108 ιιι
1007 2065 1166 2109 concursu
1183 2058 1201 2107 4

156 2133 295 2216 Bithyni
312 2131 507 2213 Hannibalis
525 2136 699 2216 praecepto
717 2133 860 2197 universi
878 2155 994 2196 navem
1009 2131 1165 2196 Eumenis

158 2222 357 2287 adoriuntur.
382 2241 519 2303 quorum
537 2220 604 2284 vim
622 2241 678 2284 rex
693 2242 767 2284 cum
786 2221 945 2285 sustinere
964 2242 1030 2285 non
1045 2225 1166 2321 posset,

157 2312 237 2396 fuga
260 2309 400 2374 salutem
422 2308 529 2392 petiit,
558 2330 657 2392 quam
680 2314 871 2373 consecutus
894 2331 961 2374 non
983 2312 1079 2392 esset,
1102 2308 1167 2372 nisi

158 2403 245 2463 mtra
272 2418 331 2460 sua
361 2396 523 2480 praesidia
550 2417 585 2461 se
617 2397 818 2480 recepisset,
839 2419 920 2480 quae
951 2397 986 2462 in
1017 2396 1166 2481 proximo

104 2547 107 2554 .
158 2487 254 2551 litore
274 2488 367 2549 crant
386 2484 552 2548 collocata.
580 2485 724 2585 reliquae
738 2484 958 2568 Pergamenae
975 2507 1074 2550 naves
1094 2507 1167 2549 cum
1185 2497 1201 2546 5

159 2573 359 2638 adversarios
391 2576 575 2656 premerent
607 2573 731 2656 acrius,
767 2577 900 2654 repente
936 2573 971 2637 in
1004 2595 1057 2638 eas
1089 2595 1167 2638 vasa

158 2661 286 2745 fictilia,
318 2661 357 2724 de
386 2659 503 2742 quibus
531 2681 630 2742 supra
657 2659 855 2726 mentionem
882 2659 1032 2742 lecimus,
1064 2660 1168 2724 conici

160 2753 276 2833 coepta
294 2752 379 2812 sunt
414 2768 496 2829 quae
515 2746 601 2810 iacta
619 2745 714 2809 initio
733 2746 836 2810 risum
853 2710 1076 2831 pugnantibus
1095 2768 1168 2811 con·

160 2839 311 2920 citarunt,
333 2856 437 2918 neque
461 2856 560 2917 quare
579 2823 613 2898 id
630 2834 723 2897 fieret
742 2837 872 2917 poterat
891 2833 1047 2918 intellegi
1079 2838 1168 2917 post-
1187 2852 1202 2898 o

160 2949 258 3011 quam
277 2928 386 2988 autam
403 2944 501 2986 naves
521 2944 596 2986 suas
616 2917 765 3006 op'pletas
784 2927 1020 3073 conspexerunt
1042 2943 1168 3005 serpen-

159 3015 258 3098 tibus,
271 3034 356 3077 nova
369 3033 403 3075 re
417 3011 593 3095 perterriti,
607 3032 690 3094 cum,
704 3010 781 3093 quid
794 3009 1004 3094 potissimum
1017 3009 1169 3094 vitarent,

158 3125 226 3167 non
252 3101 411 3181 viderent,
440 3120 565 3182 puppes
593 3101 761 3163 verterunt
789 3119 887 3181 seque
915 3098 956 3162 ad
979 3119 1038 3162 sua
1062 3061 1169 3163 castrai

158 3191 291 3254 nautica
319 3150 524 3252 rettulerunt
562 3187 608 3252 sic
631 3186 796 3250 Hannibal
822 3186 958 3250 consilio
982 3208 1072 3251 arma
1094 3185 1169 3250 Per·
1189 3202 1203 3248 ι

160 3297 373 3364 gamenorum
401 3275 575 3359 superavit,
589 3296 717 3375 ιιιιιιιιΙ
738 3277 810 3338 tum
838 3275 957 3359 solum,
990 3275 1046 3340 scd
1074 3296 1169 3357 saepe

160 3366 242 3430 alias
274 3362 479 3464 pedestribus
513 3363 615 3446 copiis
647 3363 719 3446 pari
755 3363 928 3446 prudentia
959 3363 1085 3446 pepulit
1117 3361 1169 3424 ad

158 3453 331 3518 versarios

250 3540 339 3616 Quae
363 3539 471 3604 dum
462 3561 497 3603 ιιι
519 3539 600 3602 Asia
628 3544 799 3623 geruntur,
827 3538 945 3603 accidit
968 3557 1044 3599 casu
1066 3537 1104 3597 ut
1126 3535 1222 3599 10-12
