2598 3906
454 258 502 312 111.
522 257 718 314 ARISTIDES.
747 267 823 315 1-3.
1102 269 1143 331 15

136 424 219 486 quae
245 401 334 468 facta
361 406 413 466 est
439 403 531 486 prius
560 424 657 486 quam
683 425 788 487 poena
810 405 1012 472 liberaretur.
1058 409 1144 476 idem

135 494 267 575 praetor
293 489 358 554 fuit
384 489 635 556 Atheniensium
663 492 747 575 apud
769 491 921 559 Plataeas
948 495 984 559 in
1010 498 1143 582 proelio,

136 600 199 662 quo
227 577 319 643 fusus
349 579 564 643 barbarorum
588 580 747 645 exercitur
771 579 1024 668 Mardoniusque
1048 585 1144 650 inter·

134 667 240 731 fectus
258 670 318 731 est.
352 687 457 750 neque
477 666 564 731 aliud
583 671 633 731 est
651 667 756 733 ullum
774 669 870 735 huius
893 670 928 734 in
950 693 985 734 re
1008 672 1144 737 militari
1163 689 1179 739 2

135 755 263 820 illustre
285 753 410 820 factum
434 775 531 838 quam
554 755 622 820 eius
646 756 775 840 imperii
798 759 967 842 memoria,
997 759 1144 825 iustitiae

135 865 211 907 vero
226 846 260 907 et
274 842 450 926 aequitatis
469 847 503 907 et
520 843 725 908 innocentiae
744 845 857 930 multa,
874 846 910 910 in
927 847 1043 930 primis
1059 849 1145 931 quod

134 931 231 996 huius
260 931 424 1013 aequitate
452 929 576 996 factum
604 935 667 1014 est,
695 953 769 997 oum
795 933 830 998 in
854 935 1017 1000 communi
1041 937 1144 1001 classe

135 1022 223 1083 esset
246 1016 400 1082 Graeciae
428 1019 526 1084 simul
554 1041 628 1084 oum
655 1018 816 1085 Pausania
848 1023 925 1105 [quo
954 1023 1032 1088 duce
1060 1023 1145 1088 Mar-

135 1106 252 1171 donius
275 1109 346 1169 erat
367 1106 513 1192 fugatus]
520 1157 529 1189 ,
556 1111 594 1171 ut
621 1129 747 1172 summa
770 1109 899 1192 imperii
922 1111 1080 1176 maritimi
1103 1113 1144 1176 ab

135 1193 399 1258 Lacedaemoniis
423 1193 656 1258 transferretur
679 1196 719 1258 ad
741 1195 971 1263 Athenienses:
1003 1218 1179 1283 namqucs

136 1286 212 1346 ante
235 1281 269 1344 id
292 1285 421 1364 tempus
445 1285 478 1344 et
501 1281 584 1344 mari
603 1285 637 1344 et
655 1285 743 1346 terra
761 1283 857 1348 duces
876 1290 970 1349 erant
988 1285 1144 1358 Lacedae

136 1369 245 1434 monii.
295 1373 367 1432 tum
400 1372 510 1432 autem
547 1373 581 1432 et
616 1369 867 1453 intemperantia
898 1371 1078 1438 Pausaniae
1112 1377 1145 1438 et

135 1457 263 1522 iustitia
289 1456 414 1521 factum
437 1460 488 1521 est
511 1455 684 1542 Aristidis,
706 1461 744 1521 ut
767 1480 878 1523 omnes
902 1459 969 1524 fere
994 1461 1144 1525 civitates

137 1543 290 1610 Graeciae
318 1545 358 1608 ad
381 1543 632 1610 Atheniensium
659 1546 850 1611 societatem
880 1569 914 1612 se
942 1549 1145 1633 applicarent

21 1649 24 1655 ·
136 1637 170 1698 et
192 1633 345 1697 adversus
368 1633 526 1698 barbaros
549 1634 610 1698 hos
633 1633 730 1699 duces
753 1634 933 1721 deligerent
956 1637 1049 1702 sibim

225 1721 313 1797 Quos
346 1742 410 1804 quo
442 1721 571 1786 facilius
604 1723 813 1807 repellerent,
846 1725 874 1788 si
906 1724 991 1789 forte
1023 1725 1184 1793 hellum3

136 1830 291 1875 renovare
314 1813 518 1893 conarentur,
541 1809 580 1873 ad
600 1810 720 1874 classes
739 1811 953 1877 aedificandas
972 1814 1145 1878 exercitus-

137 1918 199 1979 que
228 1897 462 1978 comparandos
490 1901 648 1980 quantum
675 1899 829 1980 pecuniae
859 1921 1006 1984 quaeque
1029 1901 1145 1966 civitas

136 1985 238 2066 daret,
260 1981 422 2047 Aristides
446 1983 591 2047 delectus
614 1987 665 2046 est
688 1985 744 2067 qui
767 1987 990 2070 constitueret,
1013 1989 1145 2070 eiusque

137 2070 275 2135 arbitrio
307 2069 527 2156 quadringena
556 2074 590 2133 et
622 2091 782 2155 sexagena
813 2073 939 2136 talenta
971 2075 1145 2156 quotannis

135 2158 255 2224 Delum
279 2162 356 2223 sunt
379 2158 512 2222 collata:
535 2157 568 2221 id
588 2157 674 2221 enirn
697 2179 867 2223 commune
891 2160 1052 2224 aerarium
1075 2183 1146 2225 esse

136 2248 317 2312 voluerunt.
350 2267 431 2330 quae
450 2246 556 2310 omnis
574 2245 711 2328 pecunia
728 2251 861 2330 postero
880 2251 1027 2333 tempore
1045 2247 1146 2313 Athe

135 2357 194 2400 naa
218 2335 380 2399 translata
402 2339 460 2399 est.
504 2334 558 2398 hic
581 2355 645 2418 qua
667 2333 766 2398 fuerit
789 2335 997 2421 abstinentia,
1019 2337 1181 2404 nulluma

137 2427 187 2488 est
202 2423 321 2488 certius
339 2423 495 2488 indicium
514 2444 612 2506 quam
630 2425 718 2506 qnod,
736 2445 810 2488 cum
829 2425 931 2489 tantis
945 2425 1042 2490 rebus
1056 2448 1146 2509 prae·

135 2511 261 2594 fuisset,
283 2511 319 2575 in
341 2515 434 2576 tanta
456 2514 649 2594 paupertate
672 2511 820 2595 decessit,
843 2517 881 2577 ut
903 2513 959 2596 qui
978 2513 1147 2579 efferretur

136 2599 191 2663 vix
217 2598 393 2680 reliquerit.
439 2620 503 2683 quo
533 2597 658 2662 factum
681 2603 732 2662 est
754 2604 792 2663 ut
813 2599 900 2664 filiae
924 2601 992 2665 cius
1016 2601 1180 2686 publices
1241 2607 1242 2610 ’

137 2685 301 2750 alerentur
324 2685 418 2749 etde
442 2687 605 2750 communi
628 2687 753 2750 aerario
781 2687 1025 2753 dotibusdatis
1049 2689 1146 2754 collo·

137 2776 296 2838 carentnr.
342 2772 482 2837 decessit
509 2776 619 2837 autem
646 2773 712 2836 fere
740 2778 817 2856 post
845 2795 965 2840 annum
992 2780 1146 2859 quartum

137 2882 235 2946 quam
257 2859 493 2926 Themistocles
515 2858 656 2924 Athenis
680 2864 750 2924 erat
773 2862 934 2945 expulsus.

460 3162 520 3235 IV.
548 3162 827 3237 PAUSANIAS.

224 3298 401 3366 Pausanias
423 3299 697 3366 Lacedaemonius
721 3321 858 3387 magnus
882 3301 990 3386 homo,
1013 3303 1069 3367 sed
1092 3327 1144 3369 va·
1166 3305 1183 3368 1

103 3419 106 3428 .
136 3386 204 3451 rius
231 3387 266 3451 in
293 3389 381 3452 omni
413 3409 529 3474 genere
556 3389 643 3453 vitae
675 3387 751 3452 suit:
787 3411 863 3453 nam
895 3393 933 3452 ut
964 3389 1144 3454 virtutibus

136 3475 246 3559 eluxit,
270 3476 316 3540 sic
335 3475 424 3540 vitiis
443 3481 494 3540 est
512 3477 655 3542 obrutus.
691 3476 788 3541 huius
811 3477 1071 3540 illustrissimum
1094 3481 1180 3541 esta

135 3563 296 3648 proelium
314 3565 400 3648 apud
418 3563 577 3630 Plataeas.
608 3585 748 3648 namque
767 3565 825 3628 illo
845 3565 924 3628 duce
943 3562 1143 3644 Mardonius,
