2596 3910
421 231 520 288 XVIII
538 230 720 288 EUMENES.
749 239 800 286 6-
802 238 828 288 8
1087 231 1129 294 75

119 381 273 463 parerent
302 377 435 461 eiusque
465 376 611 442 consiliis
637 379 815 442 uterentur.
855 375 908 441 bis
939 375 1036 441 rebus
1067 373 1131 440 llu-
1149 387 1165 438 o

121 487 232 533 menes
253 469 421 551 permotus
445 465 548 530 satius
571 463 679 548 duxit,
711 464 740 530 si
762 465 810 530 ita
832 463 965 530 tulisset
990 462 1131 546 fortuna,

120 553 226 639 perire
244 554 326 620 bene
345 552 472 618 meritis
488 551 630 618 referent
615 556 683 618 tem
696 555 772 638 grat
772 552 838 617 iam
853 573 951 636 quam
963 551 1131 636 ingratum

120 643 324 814 ViverItaque
353 729 464 814 copias
493 730 669 814 contraxit,
701 728 825 794 bellum
857 727 1010 793 adversus
1038 725 1168 791 Anti-I

122 839 244 904 gonum
267 817 477 902 comparavit.
520 817 606 901 quod
627 837 692 882 una
715 821 808 882 erant
830 815 1023 882 Macedones
1046 835 1131 880 com·

120 906 231 990 plures
259 905 400 989 nobiles,
426 905 461 971 in
483 905 530 970 eis
553 904 739 990 Peucestes,
767 905 823 989 qui
851 905 997 989 corporis
1020 907 1131 970 custos

120 995 229 1060 fuerat
250 993 440 1079 Alexandri,
470 998 540 1058 tum
564 998 674 1059 autem
697 994 868 1059 obtinebat
890 991 1070 1075 Persidem,
1097 995 1132 1057 et

122 1081 314 1166 Antigenes,
336 1081 428 1147 cuius
441 1082 502 1147 sub
518 1081 656 1166 imperio
669 1082 811 1166 phalanx
825 1085 896 1146 erat
908 1079 1131 1162 Macedonum,

121 1169 277 1233 invidiam
300 1190 414 1234 verens
433 1167 546 1255 (quam
568 1174 679 1234 tamen
702 1169 842 1254 effugere
860 1190 928 1234 non
945 1165 1079 1253 potuit),
1102 1168 1131 1232 si

121 1257 266 1342 potius
257 1278 327 1342 ipse
350 1257 533 1343 alienigena
555 1257 674 1322 summi
696 1257 826 1341 imperii
847 1256 1010 1340 potiretur
1033 1275 1132 1355 quam

123 1344 260 1446 aliquis
270 1343 492 1429 Macedonum,
524 1366 662 1445 quorum
693 1344 741 1409 ibi
773 1347 844 1408 erat
876 1341 1066 1426 multitudo,
1097 1343 1166 1406 ina

121 1432 292 1517 principiis
315 1432 492 1498 Alexandri
519 1433 650 1498 nomine
679 1432 926 1498 tabernaculum
953 1429 1108 1496 statuit
1098 1451 1133 1494 m

123 1542 224 1604 eoque
248 1521 362 1586 sellam
386 1542 517 1586 auream
540 1542 615 1586 cum
633 1524 762 1605 sceptro
781 1541 819 1586 ac
837 1518 1045 1585 diademate
1036 1518 1133 1582 russit

123 1609 201 1692 poni
224 1630 327 1693 eoque
350 1631 462 1675 omnes
486 1609 622 1675 cottidie
645 1609 829 1693 convenire,
856 1612 895 1673 ut
916 1608 964 1672 ibi
986 1606 1025 1672 de
1049 1627 1133 1672 sum-

122 1697 185 1760 mis
208 1696 305 1762 rebus
329 1697 466 1762 consilia
485 1701 694 1798 caperentur,
721 1697 853 1763 credens
881 1696 1006 1762 minore
1030 1716 1064 1760 se
1086 1694 1133 1758 in·

122 1783 210 1848 vidia
236 1783 320 1868 fore,
350 1785 379 1848 si
406 1785 512 1868 specie
539 1786 669 1869 imperii
695 1785 900 1868 nominisque
924 1783 1132 1850 simulatione

122 1870 301 1936 Alexandri
319 1870 442 1936 bellum
460 1871 623 1954 videretur
642 1872 877 1937 administrare.
912 1871 999 1956 quod
1017 1871 1132 1950 effecit.

121 1980 200 2024 nam
218 1979 292 2024 cum
310 1979 378 2024 non
395 1958 437 2023 ad
450 1957 606 2023 Eumenis
624 1959 794 2043 principia,
816 1959 874 2024 sed
892 1959 933 2023 ad
951 1959 1042 2044 regia
1060 1979 1132 2022 eon·
1151 1974 1167 2022 a

122 2046 289 2112 veniretur
316 2049 415 2129 atque
441 2045 489 2109 ibi
516 2045 555 2110 de
585 2046 682 2110 rebus
714 2046 961 2130 deliberaretur,
993 2045 1133 2127 quodam

123 2134 220 2200 modo
244 2134 385 2219 latebat,
414 2154 489 2198 eum
511 2137 622 2198 tamen
643 2155 702 2218 per
724 2155 799 2199 eum
820 2155 921 2198 unum
944 2136 1133 2218 gererentur

124 2244 242 2289 omma.

211 2309 275 2376 Hic
302 2311 337 2376 in
363 2308 550 2376 Paraetacis
579 2331 652 2375 cum
679 2309 848 2396 Antigono
876 2309 1036 2394 conflixit,
1066 2309 1171 2374 ncn8

124 2399 193 2465 acie
216 2401 386 2484 instructa,
410 2399 466 2464 sed
489 2399 524 2463 in
546 2398 672 2483 itinere,
694 2419 832 2483 eumque
855 2398 940 2464 male
963 2402 1133 2482 acceptum

123 2487 159 2551 in
181 2486 323 2554 Mediam
345 2487 526 2553 hiematum
550 2487 658 2573 coligit
643 2487 798 2553 t.redire
843 2487 914 2572 ipse
936 2487 972 2552 in
993 2486 1134 2552 finitima

125 2575 258 2661 regione
280 2575 423 2640 Persidis
445 2575 627 2640 hiematum
650 2576 759 2660 copias
783 2575 910 2660 divisit,
932 2596 999 2640 non
1020 2579 1059 2640 ut
1080 2596 1134 2640 ιο·

123 2663 200 2746 luit,
230 2662 286 2728 sed
312 2667 351 2728 ut
376 2663 464 2728 milit
449 2666 521 2728 tum
548 2664 687 2749 cogebat
672 2665 870 2729 vtoluntas.
914 2684 1053 2746 namque
1075 2662 1168 2727 illaa

123 2713 266 2836 phalanx
284 2747 462 2816 Alexandri
484 2749 607 2838 Magni,
631 2773 712 2836 quaa
731 2750 847 2816 Asiam
868 2753 1061 2835 peragrarat
1083 2749 1135 2814 de·

123 2839 247 2904 vicerat
249 2860 310 2923 que
333 2837 502 2924 Persas,'
493 2861 566 2904 mvc
568 2843 675 2904 terata
702 2861 775 2905 cum
802 2839 1007 2925 gloriatum
1034 2836 1134 2902 etiam

123 2927 270 3012 licentia,
296 2949 363 2993 non
385 2949 499 3012 parere
522 2949 556 2993 se
579 2928 730 3013 ducibus,
758 2927 850 2993 sed
840 2947 1001 3012 lmperare
1023 2927 1134 3026 postu-

123 3015 228 3101 labat,
255 3019 294 3081 ut
320 3038 407 3082 nunc
433 3016 578 3081 veterani
605 3015 731 3082 faciunt
758 3015 873 3082 nostri
919 3015 1030 3098 itaque
1052 3013 1165 3097 peri·

126 3102 234 3167 culum
262 3107 380 3169 estne
407 3103 531 3170 faciant
561 3105 648 3187 quod
674 3105 725 3169 illi
747 3103 908 3186 ieoenmt,
935 3123 994 3168 sua
1020 3102 1134 3167 intem-

124 3191 274 3274 perantia
304 3192 470 3277 nimiaque
501 3193 635 3258 licentia
663 3197 702 3257 ut
729 3192 838 3258 omnia
866 3191 1004 3277 perdant
1030 3211 1134 3277 neque

125 3278 234 3343 minus
258 3300 323 3364 eos,
347 3301 421 3345 cum
443 3281 562 3365 quibus
585 3281 731 3366 fecerint,
755 3301 853 3364 quam
875 3279 1029 3346 adversus
1052 3301 1134 3364 quos

126 3367 289 3432 steterint.
321 3369 437 3452 quodsi
456 3369 529 3453 quis
547 3368 680 3435 illorum
693 3372 922 3436 veteranorum
934 3369 1026 3470 legat
1038 3367 1135 3447 facta,
1153 3380 1170 3428 a

121 3454 216 3536 paria
237 3454 356 3520 horum
379 3460 557 3542 cognoseat
578 3479 683 3540 neque
706 3478 776 3521 rem
797 3457 900 3521 ullam
922 3455 987 3520 nisi
1005 3458 1134 3536 tempus

121 3543 282 3606 interesse
305 3542 435 3606 iudicet.
480 3543 537 3606 sed
559 3543 601 3606 ad
622 3541 1136 3606 illosrevertar.hibernasu1n-
