2598 3906
138 171 182 234 26
445 172 504 226 v11.
523 166 746 229 Anorssmolrs.
774 181 799 228 4.
819 182 843 230 a.

99 329 115 379 a
134 313 190 398 ibi,
207 317 246 378 nt
259 313 330 398 ipse
344 315 530 398 praedicare
545 321 725 400 consuerat,
743 338 808 380 non
823 318 974 383 adversus
989 322 1142 403 patriam,

134 401 190 466 sed
219 401 370 468 inimicos
401 424 477 468 suos
506 404 628 468 bellum
659 403 773 489 gessit,
806 405 860 487 qui
893 405 997 469 eidem
1026 408 1141 473 hostes

135 494 245 556 essent
273 491 413 556 civitati:
444 513 520 556 nam
548 514 620 556 cum
647 491 873 576 intellegerent
901 514 934 556 se
962 495 1140 578 plurimum

134 579 289 664 prodesse
315 599 412 662 posse
439 579 485 643 rei
513 579 674 663 publicae,
707 601 745 643 ex
773 601 812 644 ea
839 581 970 646 eiecisse
1002 583 1139 668 plusque

100 665 204 734 ritae
232 688 308 732 suae
336 689 434 750 quarn
465 667 602 731 utilitati
634 668 798 732 communi
829 670 984 752 paruisse.
1028 671 1141 756 itaque

134 753 232 820 huius
251 754 385 820 consilio
400 754 644 819 Lacedaemonii
666 776 739 820 cum
753 755 851 821 Perse
870 779 946 844 rege
963 759 1142 825 amicitiam

134 841 292 926 iecerunt,
320 841 393 904 dein
416 841 588 906 Deceleam
615 843 650 906 in
673 842 786 908 Attica
809 846 996 911 munierunt
1023 843 1141 932 praesi-

134 929 250 1012 dioque
280 928 326 992 ibi
353 933 510 1013 perpetuo
538 931 647 1014 posito
676 931 710 994 in
734 932 902 998 obsidione
926 933 1071 1000 Athenas
1095 940 1128 1000 te

132 1020 281 1082 nuerunt.
314 1016 457 1082 eiusdem
481 1040 579 1102 opera
597 1017 723 1084 Ioniam
742 1041 761 1084 a
779 1021 935 1086 societate
955 1027 1140 1088 averterunt

133 1104 390 1170 Atheniensium.
428 1127 491 1189 quo
515 1105 603 1171 facto
627 1107 731 1172 multo
756 1109 938 1192 superiores
961 1111 1047 1177 bello
1071 1134 1140 1177 esse

135 1197 319 1278 coeperunt.

97 1281 119 1347 5
223 1281 337 1366 Neque
359 1303 435 1347 vero
463 1282 515 1348 his
546 1285 644 1350 rebus
667 1289 736 1350 tam
760 1286 855 1351 amici
878 1285 1041 1352 Alcibiadi
1065 1293 1142 1354 sunt

134 1370 215 1436 facti
239 1393 336 1454 quam
358 1370 475 1450 timore
499 1372 541 1435 ab
565 1393 602 1436 eo
627 1373 768 1437 alienati.
804 1395 880 1437 nam
900 1395 972 1438 oum
992 1377 1141 1440 acerrimi

135 1459 197 1522 riri
219 1461 439 1542 praestantem
461 1458 668 1541 prudentiam
687 1461 720 1523 in
739 1461 889 1524 omnibus
908 1461 1005 1525 rebus
1025 1484 1143 1548 cogno-

135 1550 275 1630 scerent,
306 1545 544 1628 pertimuerunt
566 1568 607 1609 ne
630 1547 765 1611 caritate
787 1547 913 1630 patriae
941 1548 1057 1614 duetus
1086 1552 1142 1616 ali·

135 1633 263 1716 quando
292 1633 333 1696 ab
361 1632 441 1716 ipsis
469 1633 661 1698 descisceret
689 1637 722 1697 et
750 1655 823 1698 cum
851 1634 918 1698 suis
942 1635 1142 1721 ingratiam

134 1720 263 1784 rediret.
299 1720 409 1803 itaque
432 1723 562 1802 tempus
586 1720 654 1784 eius
678 1721 894 1785 interficiundi
919 1744 1072 1805 quaerere
1095 1726 1143 1790 in-

99 1808 322 1874 astituerunt.
366 1807 400 1871 id
427 1805 613 1872 Alcibiades
643 1808 764 1872 diutius
793 1809 891 1873 celari
922 1831 988 1875 non
1019 1813 1142 1895 potuit:

136 1899 205 1961 erat
229 1895 315 1960 enirn
339 1917 377 1959 ea
400 1895 591 1981 sagacitate,
618 1899 655 1959 ut
679 1895 783 1980 decipi
805 1917 872 1960 non
898 1902 1025 1984 posset,
1052 1922 1142 1983 prae-

136 1985 250 2050 sertim
274 2005 347 2050 cunr
371 1983 513 2048 animum
538 1983 730 2047 attendisset
749 1983 789 2048 ad
809 1985 993 2052 cavendum.
1030 1987 1141 2072 itaque

137 2073 178 2138 ad
200 2072 459 2157 Tissaphernem,
481 2071 680 2156 praefectum
704 2072 790 2158 regis
809 2071 912 2158 Darii,
936 2096 969 2139 se
993 2077 1141 2142 contulit.

101 2179 116 2227 a
138 2162 229 2226 cuius
253 2183 326 2226 oum
349 2161 384 2224 in
406 2160 555 2223 intimam
575 2159 752 2224 amicitiam
770 2162 971 2244 pervenisset
991 2167 1024 2226 et
1042 2162 1142 2228 Athe-

136 2249 297 2314 niensium
321 2248 405 2312 male
428 2248 531 2331 gestis
554 2248 587 2310 in
611 2245 723 2312 Sicilia
745 2249 842 2313 rebus
866 2270 943 2333 opes
967 2271 1142 2336 senescere,

137 2340 248 2402 eontra
272 2334 600 2400 Lacedaemoniorum
624 2356 767 2400 crescere
790 2335 926 2421 videret,
949 2337 1044 2403 initio
1068 2361 1142 2404 eum

135 2422 293 2487 Pisandro
316 2425 476 2506 praetore,
500 2423 555 2506 qui
579 2423 665 2508 apud
689 2421 822 2490 Samum
845 2425 1023 2490 exereitum
1045 2425 1142 2492 habe·

135 2512 203 2596 bat,
220 2531 278 2594 per
296 2510 515 2575 internuntios
534 2511 732 2596 colloquitur
751 2516 784 2577 et
802 2512 840 2576 de
859 2512 966 2577 reditu
984 2535 1043 2579 suo
1062 2513 1142 2582 iacit

136 2577 404 2688 mentionemse's
422 2602 492 2662 erat
510 2599 597 2663 enim
616 2599 728 2664 eodem
748 2622 811 2684 quo
830 2599 1017 2667 Alcibiades
1037 2625 1143 2690 sensu,

135 2686 247 2772 populi
279 2686 445 2771 potentiae
474 2709 541 2752 non
571 2687 692 2754 amicus
721 2692 755 2753 et
784 2689 993 2773 optimatium
1024 2690 1143 2757 fautor.

100 2792 117 2840 a
138 2776 179 2842 ab
205 2775 269 2840 hoc
291 2774 468 2840 destitutus
490 2776 632 2859 primurn
654 2798 712 2861 per
733 2776 984 2864 Thrasybulum
1007 2778 1084 2863 Lyci
1109 2781 1143 2844 fi-

136 2865 228 2950 lium,
246 2864 287 2929 ab
302 2864 443 2929 exercitu
462 2864 618 2948 recipitur
636 2869 830 2949 praetorque
848 2867 886 2930 fit
901 2867 986 2950 apud
1002 2865 1143 2952 Samum,

136 2956 214 3035 post
242 2951 439 3038 suffragante
466 2950 665 3017 Theramene
696 2953 809 3038 populi
842 2954 924 3018 scito
957 2954 1144 3019 restituitur

135 3039 272 3124 parique
295 3041 413 3104 absens
435 3039 572 3124 imperio
591 3041 778 3125 praeficitur
797 3041 894 3106 simul
913 3063 986 3106 cum
1005 3042 1144 3128 Thrasy-

101 3125 214 3191 obulo
232 3130 267 3190 et
284 3125 493 3193 Theramene.
529 3129 646 3194 horum
669 3130 703 3194 in
726 3130 863 3213 imperio
887 3134 981 3196 tanta
1004 3152 1145 3197 commu·

136 3213 220 3280 tatio
240 3235 348 3279 rerum
366 3214 454 3281 faeta
473 3221 532 3302 est,
550 3221 588 3281 ut
606 3217 862 3304 Lacedaemonii,
881 3218 936 3302 qui
954 3220 1053 3303 paulo
1070 3223 1145 3286 ante

136 3287 276 3368 victores
305 3302 491 3388 viguerant,
522 3307 687 3388 perterriti
719 3327 832 3390 pacem
864 3312 1021 3391 peterent.
1066 3309 1145 3375 vieti

136 3389 339 3456 animarent
362 3391 504 3475 quinque
523 3394 656 3476 proeliis
681 3395 899 3481 terrestribus,
922 3395 1029 3462 tribus
1051 3419 1146 3462 nava-

136 3473 238 3564 libus,
266 3478 300 3543 in
327 3477 445 3563 quibus
473 3479 630 3546 ducentas
657 3503 755 3548 naves
783 3483 933 3550 triremes
962 3485 1147 3569 amiseraqt,
