2596 3910
450 233 729 289 XX T1MOLEON.
757 241 781 288 a.
801 242 825 290 a.
1017 250 1026 297 ,·
1100 235 1142 300 83

132 375 260 441 licitate
282 375 479 460 Dionysium
507 381 580 442 tota
604 375 716 443 Sicilia
744 378 877 463 depulit.
923 401 996 444 cum
1022 379 1177 444 interii-2

132 485 205 528 cere
227 469 355 550 posset,
377 465 498 549 noluit,
521 469 658 550 tutoque
681 471 719 531 ut
742 465 936 532 Corinthum
959 467 1143 550 perveniret

133 551 255 636 effecit,
292 554 378 636 quod
414 557 627 638 utrorumque
664 553 897 639 Dionysiorum
915 595 918 602 ·
934 555 1051 638 opibus
1083 553 1143 620 Co·

132 639 246 704 rinthii
270 663 366 725 saepe
390 639 499 706 adiuti
515 641 654 727 fuerant,
677 643 768 708 cuius
792 643 1005 728 benignitatis
1024 663 1143 708 memo·

133 728 215 792 riam
243 730 375 794 volebat
403 734 545 814 exstare,
577 751 711 815 eamque
742 731 944 815 praeclaram
971 731 1143 796 victoriam

133 816 285 900 ducebat,
306 818 349 880 -in
377 838 442 901 qua
467 819 542 902 plus
565 823 652 883 esset
674 819 864 884 clementiae
889 841 986 903 quam
1009 819 1143 884 erudeli·

133 905 222 988 tatis,
244 909 412 989 postremo
435 910 473 970 ut
494 927 561 971 non
579 907 684 972 solum
704 908 836 973 auribus
856 908 1065 992 acciperetur,
1087 907 1143 972 sed

134 993 235 1057 etiam
268 993 370 1058 oculis
403 999 601 1078 demeretur,
634 1017 729 1079 quem
757 1018 796 1060 ex
823 1000 945 1078 quanto
974 1017 1074 1082 regno
1102 995 1143 1060 ad

134 1102 233 1164 quam
264 1081 430 1147 fortunam
447 1083 641 1148 detulisset.
691 1089 767 1167 post
793 1083 945 1168 Dionysii
977 1084 1178 1148 decessume

134 1190 209 1234 oum
236 1167 354 1234 Hiceta
385 1171 534 1253 bellavit,
567 1171 623 1255 qui
656 1171 844 1236 adversatus
872 1176 943 1236 erat
969 1171 1142 1254 Dionysio:

134 1278 231 1340 quem
253 1279 320 1321 non
342 1258 415 1322 odio
440 1257 621 1342 tyrannidis
649 1259 854 1343 dissensisse,
881 1258 937 1323 sed
965 1259 1141 1342 cupiditate

97 1377 99 1380 ·
133 1345 254 1409 indicio
277 1345 351 1430 fuit,
374 1345 461 1429 quod
483 1346 553 1430 ipse
577 1345 710 1429 expulso
729 1345 888 1430 Dionysio
907 1345 1080 1430 imperium
1099 1345 1143 1410 di-

134 1433 265 1497 mittere
283 1433 397 1498 noluit.
430 1433 492 1498 hoc
511 1437 663 1518 superato
678 1433 848 1499 Timoleon
861 1435 1019 1499 maximas
1033 1433 1143 1517 copias
1161 1450 1179 1500 4

133 1521 459 1608 Karthaginiensium
487 1522 572 1606 apud
596 1520 777 1587 Crinissum
804 1523 925 1600 fiumen
951 1521 1079 1607 fugavit
1106 1542 1144 1586 ac

134 1610 214 1674 satia
237 1609 357 1675 habere
386 1610 507 1696 coegit,
537 1610 566 1674 si
593 1611 707 1675 liceret
729 1610 876 1676 Africam
899 1611 1059 1693 obtinere,
1088 1609 1144 1693 qui

133 1698 200 1761 iam
223 1699 405 1781 complures
429 1720 530 1763 annos
560 1699 802 1782 possessionem
826 1697 956 1764 Siciliae
980 1698 1143 1762 tenebant.

135 1785 222 1868 oepit
254 1786 354 1848 etiam
384 1785 600 1870 Mamercum,
632 1786 785 1852 Italicum
817 1787 931 1852 ducem
938 1838 946 1871 ,
977 1784 1164 1852 hominem.

134 1873 327 1937 bellicosum
350 1875 384 1935 et
405 1875 587 1956 potentem,
610 1875 667 1955 qui
689 1879 846 1956 tyrannos
870 1875 1016 1938 adiutum
1038 1874 1074 1937 in
1097 1871 1144 1939 Si·

135 1961 245 2026 ciliam
268 1963 409 2024 venerat.
1130 2000 1133 2006 ·

225 2048 350 2124 Quibus
369 2048 466 2111 rebus
485 2047 641 2112 confectis
660 2069 734 2112 cum
747 2052 881 2132 propter
895 2048 1144 2113 diuturnitatem
1163 2053 1183 2117 3

135 2137 215 2202 belli
241 2157 309 2201 non
336 2135 443 2200 solum
470 2135 632 2221 regiones,
665 2137 721 2200 sed
748 2136 848 2200 etiam
875 2137 972 2200 urbes
1000 2136 1144 2200 desertas

135 2225 269 2309 videret,
292 2223 490 2308 conquisivit
513 2239 594 2307 quos
613 2224 731 2308 potuit,
754 2224 896 2308 primum
911 2221 1047 2308 Siculos,
1070 2224 1145 2288 dein

136 2312 295 2380 Corintho
319 2312 488 2378 arcessivit
511 2313 658 2397 colonos,
688 2313 774 2396 quod
801 2313 842 2376 ab
865 2312 906 2377 iis
929 2311 1024 2377 initio
1050 2309 1144 2396 Syra-

136 2423 231 2468 cusae
254 2406 348 2467 erant
370 2401 527 2471 conditae.
573 2400 698 2474 civibus
721 2401 885 2466 veteribus
908 2422 967 2466 sua
989 2400 1179 2484 restituito

135 2491 228 2556 novis
255 2491 342 2577 bello
369 2490 573 2555 vacuefactas
601 2489 824 2574 possessiones
856 2489 981 2574 divisit,
1012 2489 1144 2554 urbium

136 2580 263 2644 moenia
295 2578 430 2642 disiecta
461 2578 601 2660 fanaque
624 2578 761 2643 ‚detecta
791 2574 922 2661 reiecit,
953 2578 1142 2642 civitatibus

135 2668 225 2751 leges
248 2667 498 2747 libertatemque
519 2665 671 2728 reddidit:
695 2687 734 2728 ex
752 2665 893 2728 maximo
912 2665 999 2730 bello
1014 2669 1144 2730 tantum

136 2755 241 2819 otium
268 2757 359 2818 totae
387 2753 511 2816 insulae
540 2751 738 2834 conciliavit,
769 2755 807 2816 ut
835 2751 889 2816 hic
917 2752 1066 2816 conditor
1092 2774 1144 2816 ur·

135 2843 226 2908 bium
249 2863 369 2925 earum,
391 2861 457 2905 non
479 2840 529 2904 illi
552 2839 608 2923 qui
626 2839 721 2926 initio
743 2839 948 2923 deduxerant,
971 2839 1143 2904 videretur.

135 2953 242 2997 arcem
267 2929 446 3014 Syracusis,
470 2949 568 3013 quam
591 2927 752 2992 munierat
769 2927 947 3011 Dionysius
971 2927 1011 2992 ad
1029 2927 1143 2991 urbem
1162 2947 1178 2995 a

136 3020 356 3103 obsidendam,
379 3040 398 3082 a
420 3016 641 3082 fimdamentis
665 3016 806 3100 disiecit,
830 3019 938 3080 cetera
961 3015 1142 3099 tyrannidis

135 3107 380 3192 propugnacula
398 3106 572 3171 demolitus
591 3108 643 3169 est
661 3104 812 3187 deditque
832 3125 973 3188 operam,
993 3108 1143 3188 utquam
1180 3183 1184 3190 Ι

136 3195 268 3259 minime
287 3195 392 3260 multa
410 3193 550 3280 vestigia
565 3193 732 3258 servitutis
747 3196 923 3257 manerent.
952 3214 1026 3258 cum
1040 3193 1141 3258 tantis
1161 3209 1178 3256 4

136 3286 224 3348 esset
246 3283 371 3367 opibus,
393 3287 431 3347 ut
449 3283 549 3346 etiam
566 3281 679 3346 invitis
697 3281 856 3364 imperare
870 3285 991 3365 posset,
1014 3286 1143 3346 tantum

27 3415 31 3422 -
136 3375 246 3436 autem
269 3391 413 3434 amorem
435 3370 571 3435 haberet
594 3367 738 3433 omnium
763 3367 958 3454 Siculorum,
988 3373 1026 3433 ut
1039 3368 1142 3432 nullo

135 3463 305 3524 recusante
325 3477 461 3543 regnum
476 3459 622 3522 obtinere
638 3458 744 3541 liceret,
759 3457 875 3522 maluit
890 3479 924 3522 se
938 3456 1031 3539 diligi
1046 3476 1144 3538 quam

90 3600 94 3607 .
135 3549 246 3612 metui.
293 3547 418 3630 itaque,
446 3567 520 3612 cum
543 3545 685 3630 primum
707 3546 830 3629 potuit,
853 3544 1026 3628 im'perium
1049 3542 1144 3624 depo·

948 3644 984 3697 g*
