2598 3906
161 221 204 286 36
522 219 570 275 IX
590 218 721 276 OONON.
749 225 774 277 4.
790 226 806 274 5

162 365 279 449 opibus
306 363 531 449 praefuturum
558 385 596 430 ac
618 385 728 428 secum
757 363 985 428 dimicaturum
1007 361 1171 446 videbant,

162 473 259 537 quem
285 473 389 538 neque
416 452 553 518 oonsilio
580 473 684 536 neque
712 451 814 536 copiis
845 471 995 535 superare
1027 454 1170 533 possent.

126 541 223 606 abac
250 545 358 606 mente
386 561 539 627 magnam
567 539 764 605 contrahunt
787 539 937 605 classem:
963 537 1171 622 proficiscun-

162 633 217 694 tur
239 627 405 731 Pisandro·
421 629 509 694 duce.
546 629 608 694 hos
631 625 745 694 Conon
768 627 853 712 apud
876 625 1014 729 Cnidum
1037 626 1170 691 adortus

162 716 576 889 tettitttttlr
589 715 1170 888 ttttttttlsttttt

162 896 278 957 cuncte
297 891 441 978 Graecia,
460 915 542 977 quae
561 894 621 958 sub
640 891 969 958 Lacedaemoniorum
986 889 1094 956 tuerat
1111 891 1171 956 im·

127 998 143 1046 5
161 980 261 1064 perio,
275 980 414 1045 liberata
428 985 487 1045 est.
512 979 627 1046 (lonon
640 1003 714 1046 oum
727 985 820 1066 parte
834 980 967 1045 navium
979 979 1015 1044 in
1028 979 1171 1064 patriam

161 1068 263 1152 venit,
290 1090 401 1133 muros
424 1069 550 1134 dirutos
574 1092 594 1134 a
616 1067 784 1153 Lysandro
807 1073 977 1152 utrosque,
1006 1071 1040 1132 et
1062 1066 1170 1132 Piraei

161 1160 195 1220 et
212 1155 426 1242 Athenarum,
448 1157 638 1222 reficiendos
662 1161 755 1222 curat
776 1157 994 1242 pecuniaeque
1014 1156 1170 1240 quinqua·

161 1245 419 1397 gintadtalenta,
449 1267 530 1330 quae
554 1267 573 1309 a
595 1245 806 1310 Pharnabazo
834 1249 1016 1330 acceperat,
1044 1244 1169 1310 civibus

163 1333 230 1398 suis
275 1337 362 1398 onat.

126 1422 147 1487 5
249 1419 379 1486 Accidit
401 1421 490 1506 huic,
518 1421 604 1504 quod
627 1421 743 1485 ceteris
767 1420 973 1502 mortalibus,
1001 1423 1038 1483 ut
1061 1419 1170 1484 incon-

162 1509 334 1573 sideratior
359 1509 394 1573 in
421 1509 559 1573 secunda
587 1529 685 1590 quam
707 1508 742 1572 in
764 1507 898 1570 adversa
920 1510 1007 1571 esset
1028 1505 1169 1572 fortuna

160 1616 237 1659 nam
264 1596 367 1660 classe
393 1594 704 1679 Peloponnesiorum
731 1594 870 1678 devicta,
898 1616 972 1660 cum
998 1595 1106 1660 ultum
1133 1618 1168 1662 se

160 1682 295 1746 iniurias
324 1682 450 1766 patriae
477 1686 621 1767 putaret,
648 1683 743 1768 plura
770 1683 955 1767 concupivit
982 1705 1080 1767 quam
1102 1683 1170 1748 effi·

125 1787 232 1836 acere
263 1771 381 1854 potuit.
427 1792 530 1854 neque
562 1776 673 1836 temen
699 1793 737 1836 ea
763 1793 830 1836 non
856 1772 911 1856 pia
937 1775 971 1837 et
1001 1772 1170 1856 probanda
1221 1802 1223 1806 ·

160 1857 305 1943 fuerunt,
335 1859 421 1942 quod
443 1859 552 1944 potius
576 1859 701 1944 patriae
725 1881 802 1945 opes
826 1859 938 1947 augeri
961 1881 1058 1944 quam
1081 1860 1168 1946 regis
1281 1925 1282 1941 ,

161 1947 286 2011 maluit.
329 1968 407 2012 nam
434 1970 508 2013 oum
535 1969 688 2036 magnam
716 1949 946 2015 auctoritatem
973 1949 1037 2013 sibi
1058 1969 1169 2035 pugna
1280 1999 1281 2006 ,

160 2035 219 2100 illa
240 2036 362 2121 navali,
390 2058 488 2120 quam
511 2037 597 2122 apud
619 2035 758 2104 Gnidum
780 2037 915 2122 fecerat,
943 2037 1169 2102 constituisset

159 2146 227 2189 non
249 2124 355 2189 solum
377 2125 463 2190 inter
485 2126 652 2210 barbaros,
676 2126 732 2191 sed
755 2126 855 2191 etiam
878 2146 989 2190 omnes
1014 2123 1168 2190 Graeciae

161 2212 324 2295 civitates,
360 2212 445 2276 olam
477 2213 552 2277 dare
585 2234 716 2296 operam
748 2213 871 2296 coepit,
907 2216 945 2276 ut
976 2209 1103 2276 Ioniam
1135 2217 1168 2277 et

125 2315 142 2363 a
163 2298 310 2362 Aeoliam
328 2299 516 2363 restitueret
530 2299 793 2364 Atheniensibus.
827 2299 861 2363 id
879 2320 953 2363 cum
971 2298 1078 2362 minus
1097 2299 1168 2364 dili-

162 2389 276 2538 genter
294 2389 381 2449 esset
399 2387 548 2470 celatum,
566 2385 744 2470 liribaaus,
764 2387 819 2470 qui
834 2384 990 2451 Sardibus
1008 2393 1167 2472 praeerat,

189 2494 327 2538 ononem
349 2474 505 2558 evocavit,
528 2474 684 2539 simulans
704 2474 744 2539 ad
762 2495 872 2561 regem
890 2496 964 2540 eum
983 2496 1017 2540 se
1036 2475 1166 2542 mittere
1272 2489 1274 2568 J

162 2561 243 2625 velle
261 2562 437 2646 magna-de
456 2583 499 2626 re.
535 2562 632 2627 huius
650 2562 765 2634 nuntio
789 2585 905 2648 parens
925 2585 999 2628 oum
1017 2564 1166 2648 venisset,
1271 2615 1272 2641 ,

160 2650 195 2713 in
226 2649 333 2714 vincla
365 2650 528 2716 coniectus
557 2654 620 2736 est,
652 2651 687 2716 in
716 2652 833 2736 quibus
865 2652 1064 2736 aliquamdiu
1095 2651 1165 2717 fuit.

125 2736 233 2802 linde
265 2739 414 2803 nonnulli
445 2761 519 2805 eum
548 2739 588 2804 ad
616 2760 726 2826 regem
753 2741 928 2806 abductum
955 2740 1065 2825 ibique
1093 2761 1165 2805 eum

159 2827 282 2909 perisse
306 2827 464 2911 seriptum
486 2828 696 2912 reliquerunt.
737 2832 851 2894 contra
873 2851 912 2893 ea
933 2827 1042 2893 Dinon
1064 2829 1165 2892 histo·

159 2916 260 2998 ricus,
288 2915 339 2980 cui
367 2936 427 2980 nos
454 2916 630 2999 plurimum
653 2917 691 2981 de
714 2915 853 2981 Persicis
877 2916 973 2980 rebus
998 2915 1164 3000 credimus,

159 3002 311 3086 effugisse
343 3004 493 3087 scripsit:
530 3003 611 3067 illud
649 3004 836 3086 addubitat,
873 3007 983 3068 utrum
1014 3001 1163 3068 Tiribazo

160 3090 282 3154 sciente
305 3111 348 3154 an
370 3092 572 3175 imprudente
597 3091 641 3155 sit
663 3091 796 3156 factum.

561 3337 765 3348 ——1—2-——0
