2596 3910
154 212 218 278 108
455 211 724 268 xxv.ATT10US.
755 216 795 267 12.
817 217 858 265 1³.

152 356 317 442 praefecto
336 356 466 422 fabrum
480 355 626 439 Antonii,
648 357 817 420 absentem
835 354 975 420 relatum
989 356 1164 440 expedivit.

118 446 241 529 equod
268 445 303 509 in
329 445 493 528 praesenti
515 448 626 508 utrum
649 443 679 508 ei
702 443 896 508 laboriosius
920 465 962 508 an
985 444 1164 530 gloriosius

153 533 266 618 fuerit,
293 532 425 598 difficile
448 536 500 597 est
522 532 677 616 indicare,
706 531 793 615 quod
816 532 851 595 in
873 553 986 596 eorum
1008 533 1165 616 periculis

153 643 220 687 non
252 642 355 703 secus
377 621 528 686 absentes
556 640 653 703 quam
682 622 870 702 praesentes
898 620 1021 686 amicos
1047 619 1165 688 Attico

154 730 225 775 esse
249 731 344 775 curae
368 709 537 794 cognitum
559 712 618 772 est.

105 799 145 864 13
242 796 357 881 Neque
379 819 456 861 vero
477 796 534 878 ille
558 795 665 860 minus
687 795 792 861 bonus
815 799 909 880 pater
937 796 1080 862 familias
1107 797 1164 861 ha·

154 886 243 951 bitus
262 889 314 950 est
327 907 425 969 quam
439 883 528 950 ciris.
559 904 636 947 nam
654 888 829 948 comesset
846 884 1049 969 pecuniosus,
1067 906 1165 950 nemo

154 974 213 1039 illo
236 972 343 1038 minus
366 971 431 1037 luit
448 993 551 1056 emax,
574 972 681 1036 minus
700 972 897 1037 aedificator.
930 994 1034 1056 neque
1052 977 1165 1038 tamen

154 1083 221 1126 non
238 1053 387 1144 inprimis
405 1060 487 1126 bene
505 1059 669 1125 habitavit
687 1061 901 1144 omnibusque
916 1061 1049 1145 optimis
1065 1062 1164 1126 rebus

120 1166 233 1215 ausus
256 1153 316 1214 est.
351 1170 428 1214 nam
451 1148 583 1214 domurn
604 1148 721 1214 habuit
738 1149 773 1212 in
792 1149 874 1214 colle
894 1149 1056 1226 Quirinali
1069 1147 1164 1215 'Pam-

155 1237 352 1322 philianam,
388 1238 430 1302 ab
463 1236 621 1302 avunculo
656 1236 838 1302 hereditate
869 1238 1036 1322 relictam,
1072 1239 1163 1303 cuius

156 1327 337 1390 amoenitas
363 1347 430 1391 non
457 1325 617 1409 aedificio,
644 1325 700 1389 sed
727 1325 810 1390 silva
836 1326 1023 1391 constabat:
1055 1325 1163 1410 ipsum

156 1414 243 1479 enirn
270 1418 394 1479 tectum
422 1413 604 1496 antiquitus
628 1413 844 1478 constitutum
865 1415 939 1498 plus
964 1414 1042 1479 salis
1066 1435 1164 1498 quam

156 1506 306 1586 sumptus
332 1501 489 1566 habebat:
525 1501 560 1565 in
589 1522 653 1584 quo
680 1501 763 1565 nihil
789 1502 1016 1586 commutavit,
1042 1502 1108 1567 nisi
1135 1505 1163 1568 si

121 1590 235 1673 aquid
257 1593 420 1654 vetustate
444 1593 575 1654 coactus
599 1592 658 1652 est.
694 1609 772 1653 usus
795 1586 847 1653 est
868 1589 1002 1675 familia,
1026 1591 1054 1656 si
1077 1591 1163 1656 utili-

156 1681 226 1742 tate
248 1677 455 1741 indicandum
478 1681 542 1759 est,
565 1676 703 1759 optima,
730 1676 759 1740 si
781 1675 900 1763 forma,
922 1678 977 1744 vix
1000 1678 1163 1746 mediocri.

91 1751 105 1782 Ι
155 1785 295 1848 namquo
322 1764 357 1828 in
383 1785 422 1829 ea
449 1767 542 1828 erant
568 1764 661 1848 pueri
687 1763 935 1851 litteratissimi,
964 1772 1164 1853 anagnostae

156 1852 273 1937 optimi
296 1855 330 1917 et
355 1851 488 1936 plurimi
514 1851 655 1936 librarii,
683 1856 788 1917 utne
815 1854 1010 1940 pedisequus
1034 1855 1164 1938 quidem
1276 1887 1279 1900 ·

156 1941 330 2026 quisquam
362 1944 462 2026 esset,
494 1941 550 2024 qui
578 1961 645 2006 non
675 1944 850 2025 utrumque
881 1942 998 2008 horum
1029 1944 1163 2027 pulchre

91 2073 96 2080 -
156 2029 262 2095 facere
284 2033 410 2113 posset,
432 2029 504 2114 pari
527 2029 623 2094 modo
647 2029 789 2094 artifices
812 2031 927 2114 catari,
951 2052 1033 2114 quos
1057 2033 1163 2096 cultus

18 2179 19 2186 ,
91 2118 354 2183 ν4ᾶοωθεὲὶυιιε
388 2117 568 2201 desiderat,
601 2117 746 2201 apprime
778 2117 865 2184 boni.
918 2139 1021 2202 neque
1054 2123 1164 2185 tamen

129 2280 132 2287 ¹
155 2206 274 2271 horum
304 2226 500 2289 quemquam
526 2205 591 2270 nisi
618 2205 706 2269 domi
728 2209 843 2271 natum
866 2206 1017 2290 domique
1039 2207 1164 2273 factum

155 2293 285 2358 habuit:
323 2293 409 2377 quod
441 2297 492 2358 est
529 2293 659 2377 signum
694 2313 760 2358 non
796 2294 903 2360 solum
937 2295 1164 2381 continentiae,

157 2382 213 2446 sed
227 2381 326 2444 etiam
340 2380 537 2466 diligentiae.
560 2393 637 2444 nam
651 2385 685 2444 et
697 2402 764 2446 non
777 2382 1031 2467 intemperanter
1050 2404 1164 2449 concu·
1276 2369 1277 2435 l

155 2469 289 2552 piscare,
311 2468 398 2550 quod
412 2488 432 2531 a
445 2467 594 2551 plurimis
609 2468 728 2551 rideas,
751 2463 1058 2536 concinentis'debec
1080 2471 1164 2556 duci,
1214 2503 1220 2516 ·

156 2560 190 2620 et
212 2555 322 2639 potius
344 2554 506 2619 industria
528 2575 626 2638 qnam
648 2555 754 2639 pretio
772 2578 888 2640 parare
906 2579 971 2623 non
992 2558 1163 2624 mediocris

122 2647 208 2709 aest
233 2642 430 2728 diligentiae.
471 2643 612 2727 elegans,
642 2664 709 2708 non
735 2645 937 2730 magnificus,
969 2647 1164 2732 splendidus,

155 2753 222 2798 non
242 2735 466 2814 sumptuosus:
490 2730 659 2814 omnisque
682 2731 852 2817 diligentia
874 2734 1077 2819 munditiam,
1099 2756 1164 2800 non

157 2820 345 2885 afluentiam
360 2818 542 2883 affectabat.
566 2819 711 2902 supellex
724 2819 860 2905 modica,
872 2841 940 2885 non
953 2823 1066 2906 multa,
1079 2823 1164 2887 utin

122 2923 137 2971 a
156 2912 307 2973 neutram
320 2910 449 2990 partem
463 2906 606 2989 conspici
619 2910 740 2989 posset.
771 2928 830 2972 nec
844 2909 1038 2992 praeteribo,
1055 2931 1163 2993 quam·
1255 2905 1259 2912 ’

157 3017 255 3079 quam
263 2994 428 3060 nonnullis
436 2994 506 3058 leve
516 2993 621 3058 visum
631 2994 672 3057 iri
681 2998 803 3078 putem,
812 3017 886 3061 cum
895 2996 1044 3080 inprimis
1054 2997 1163 3063 lautus

157 3087 245 3146 esset
263 3103 360 3166 eques
379 3080 545 3146 Romanus
564 3085 598 3146 et
617 3102 684 3147 non
700 3103 816 3165 parum
834 3083 1014 3148 liberaliter
1032 3083 1163 3152 domum

157 3191 250 3234 suam
278 3170 423 3233 omnium
451 3169 600 3234 ordinum
625 3169 774 3236 homines
801 3171 970 3256 invitaret,
1001 3193 1068 3238 non
1100 3197 1162 3238 am·

113 3337 119 3344 ,
156 3256 243 3342 plius
262 3276 360 3339 quam
379 3261 472 3321 terna
490 3257 581 3322 milia
594 3271 753 3342 peraeque
767 3258 802 3322 in
816 3258 962 3345 singulos
981 3281 1107 3327 menses
1126 3283 1162 3326 ex

123 3336 138 3407 i
158 3343 361 3428 ephemeride
375 3365 449 3408 eum
463 3365 638 3427 expensum
648 3346 793 3429 sumptui
805 3345 890 3410 ferre
901 3348 1044 3414 solitum.
1067 3354 1162 3434 atque

157 3431 295 3497 hocnon
305 3429 461 3514 auditum,
476 3432 531 3495 sed
542 3433 709 3518 cognitum
720 3434 958 3516 praedicamus:
973 3457 1068 3521 saepo
1079 3437 1161 3502 enim
1272 3431 1273 3440 ’

157 3523 292 3603 propter
314 3518 572 3584 familiaritatem
595 3521 783 3586 domesticis
806 3521 903 3587 rebus
926 3522 1142 3589 interfuimus.
