<?xml version="1.0" encoding="UTF-8"?>
<!DOCTYPE html PUBLIC "-//W3C//DTD XHTML 1.0 Transitional//EN"
    "http://www.w3.org/TR/xhtml1/DTD/xhtml1-transitional.dtd">
<html xmlns="http://www.w3.org/1999/xhtml" xml:lang="en" lang="en">
 <head>
  <title>
</title>
<meta http-equiv="Content-Type" content="text/html;charset=utf-8" />
  <meta name='ocr-system' content='tesseract 3.04.00' />
  <meta name='ocr-capabilities' content='ocr_page ocr_carea ocr_par ocr_line ocrx_word'/>
</head>
<body>
  <div class='ocr_page' id='page_1' title='image "./corneliinepotis21nepogoog_0083.png"; bbox 0 0 2596 3910; ppageno 0'>
   <div class='ocr_carea' id='block_1_1' title="bbox 145 143 846 240">
    <p class='ocr_par' dir='ltr' id='par_1_1' title="bbox 145 143 846 240">
     <span class='ocr_line' id='line_1_1' title="bbox 145 143 846 240; baseline -0.016 0"><span class='ocrx_word' id='word_1_1' title='bbox 145 143 187 240; x_wconf 72' lang='lat'>72</span> <span class='ocrx_word' id='word_1_2' title='bbox 451 175 550 231; x_wconf 82' lang='lat' dir='ltr'>xvur.</span> <span class='ocrx_word' id='word_1_3' title='bbox 569 175 748 231; x_wconf 78' lang='lat' dir='ltr'>suranus.</span> <span class='ocrx_word' id='word_1_4' title='bbox 778 183 801 230; x_wconf 70' lang='grc' dir='ltr'>ι.</span> <span class='ocrx_word' id='word_1_5' title='bbox 822 181 846 229; x_wconf 82' lang='lat' dir='ltr'>a</span> 
     </span>
    </p>
   </div>
   <div class='ocr_carea' id='block_1_2' title="bbox 108 319 1156 3579">
    <p class='ocr_par' dir='ltr' id='par_1_2' title="bbox 108 319 1156 3579">
     <span class='ocr_line' id='line_1_2' title="bbox 144 319 1156 407; baseline 0.002 -22"><span class='ocrx_word' id='word_1_6' title='bbox 144 321 231 406; x_wconf 91' lang='lat' dir='ltr'>quod</span> <span class='ocrx_word' id='word_1_7' title='bbox 261 319 329 386; x_wconf 84' lang='lat' dir='ltr'>fere</span> <span class='ocrx_word' id='word_1_8' title='bbox 362 342 473 386; x_wconf 91' lang='lat' dir='ltr'>omnes</span> <span class='ocrx_word' id='word_1_9' title='bbox 505 321 541 385; x_wconf 93' lang='lat' dir='ltr'>in</span> <span class='ocrx_word' id='word_1_10' title='bbox 572 321 699 407; x_wconf 80' lang='lat' dir='ltr'>magnis</span> <span class='ocrx_word' id='word_1_11' title='bbox 731 321 875 406; x_wconf 92' lang='lat' dir='ltr'>imperiis</span> <span class='ocrx_word' id='word_1_12' title='bbox 908 321 1156 407; x_wconf 87' lang='lat' dir='ltr'>concupiscunt,</span> 
     </span>
     <span class='ocr_line' id='line_1_3' title="bbox 108 409 1155 494; baseline 0 -19"><span class='ocrx_word' id='word_1_13' title='bbox 108 425 126 474; x_wconf 84' lang='lat'>4</span> <span class='ocrx_word' id='word_1_14' title='bbox 145 409 290 475; x_wconf 90' lang='lat' dir='ltr'>omnium</span> <span class='ocrx_word' id='word_1_15' title='bbox 307 413 417 494; x_wconf 89' lang='lat' dir='ltr'>partes</span> <span class='ocrx_word' id='word_1_16' title='bbox 437 409 597 493; x_wconf 82' lang='lat' dir='ltr'>corripere</span> <span class='ocrx_word' id='word_1_17' title='bbox 617 413 715 492; x_wconf 87' lang='lat' dir='ltr'>atque</span> <span class='ocrx_word' id='word_1_18' title='bbox 734 409 915 494; x_wconf 80' lang='lat' dir='ltr'>complecti.</span> <span class='ocrx_word' id='word_1_19' title='bbox 950 430 1055 493; x_wconf 88' lang='lat' dir='ltr'>neque</span> <span class='ocrx_word' id='word_1_20' title='bbox 1073 431 1155 475; x_wconf 80' lang='lat' dir='ltr'>uero</span> 
     </span>
     <span class='ocr_line' id='line_1_4' title="bbox 144 497 1155 582; baseline -0.002 -18"><span class='ocrx_word' id='word_1_21' title='bbox 144 499 207 564; x_wconf 92' lang='lat' dir='ltr'>hoc</span> <span class='ocrx_word' id='word_1_22' title='bbox 239 497 294 562; x_wconf 91' lang='lat' dir='ltr'>ille</span> <span class='ocrx_word' id='word_1_23' title='bbox 327 497 416 562; x_wconf 90' lang='lat' dir='ltr'>solus</span> <span class='ocrx_word' id='word_1_24' title='bbox 443 497 534 581; x_wconf 88' lang='lat' dir='ltr'>fecit,</span> <span class='ocrx_word' id='word_1_25' title='bbox 568 498 624 561; x_wconf 90' lang='lat' dir='ltr'>sed</span> <span class='ocrx_word' id='word_1_26' title='bbox 652 498 752 562; x_wconf 89' lang='lat' dir='ltr'>ceteri</span> <span class='ocrx_word' id='word_1_27' title='bbox 780 519 907 582; x_wconf 92' lang='lat' dir='ltr'>quoque</span> <span class='ocrx_word' id='word_1_28' title='bbox 936 519 1061 582; x_wconf 90' lang='lat' dir='ltr'>omnes,</span> <span class='ocrx_word' id='word_1_29' title='bbox 1095 499 1155 582; x_wconf 92' lang='lat' dir='ltr'>qui</span> 
     </span>
     <span class='ocr_line' id='line_1_5' title="bbox 145 583 1156 669; baseline 0.001 -18"><span class='ocrx_word' id='word_1_30' title='bbox 145 586 322 652; x_wconf 85' lang='lat' dir='ltr'>Alexandri</span> <span class='ocrx_word' id='word_1_31' title='bbox 344 585 474 651; x_wconf 79' lang='lat' dir='ltr'>fuerant</span> <span class='ocrx_word' id='word_1_32' title='bbox 497 585 602 650; x_wconf 88' lang='lat' dir='ltr'>amici.</span> <span class='ocrx_word' id='word_1_33' title='bbox 646 585 771 669; x_wconf 87' lang='lat' dir='ltr'>primus</span> <span class='ocrx_word' id='word_1_34' title='bbox 794 583 981 651; x_wconf 70' lang='lat' dir='ltr'><strong>Leonnatus</strong></span> <span class='ocrx_word' id='word_1_35' title='bbox 1004 585 1156 652; x_wconf 89' lang='lat' dir='ltr'>Macedo·</span> 
     </span>
     <span class='ocr_line' id='line_1_6' title="bbox 145 673 1155 761; baseline -0.001 -21"><span class='ocrx_word' id='word_1_36' title='bbox 145 675 234 740; x_wconf 90' lang='lat' dir='ltr'>niam</span> <span class='ocrx_word' id='word_1_37' title='bbox 265 695 500 758; x_wconf 88' lang='lat' dir='ltr'>praeoccupare</span> <span class='ocrx_word' id='word_1_38' title='bbox 527 673 711 738; x_wconf 84' lang='lat' dir='ltr'>destinavit.</span> <span class='ocrx_word' id='word_1_39' title='bbox 760 673 789 738; x_wconf 90' lang='lat' dir='ltr'>is</span> <span class='ocrx_word' id='word_1_40' title='bbox 816 674 929 739; x_wconf 89' lang='lat' dir='ltr'>multis</span> <span class='ocrx_word' id='word_1_41' title='bbox 959 674 1155 761; x_wconf 74' lang='lat' dir='ltr'>magnisque</span> 
     </span>
     <span class='ocr_line' id='line_1_7' title="bbox 145 759 1155 849; baseline -0.003 -20"><span class='ocrx_word' id='word_1_42' title='bbox 145 762 438 849; x_wconf 65' lang='lat' dir='ltr'>pollicitationibus</span> <span class='ocrx_word' id='word_1_43' title='bbox 464 761 656 846; x_wconf 90' lang='lat' dir='ltr'>persuadere</span> <span class='ocrx_word' id='word_1_44' title='bbox 679 759 818 826; x_wconf 80' lang='lat' dir='ltr'>Eumeni</span> <span class='ocrx_word' id='word_1_45' title='bbox 846 761 984 846; x_wconf 79' lang='lat' dir='ltr'>studuit,</span> <span class='ocrx_word' id='word_1_46' title='bbox 1010 767 1049 827; x_wconf 91' lang='lat' dir='ltr'>ut</span> <span class='ocrx_word' id='word_1_47' title='bbox 1076 761 1155 827; x_wconf 89' lang='lat' dir='ltr'>Per-</span> 
     </span>
     <span class='ocr_line' id='line_1_8' title="bbox 111 849 1154 917; baseline 0.001 -1"><span class='ocrx_word' id='word_1_48' title='bbox 111 851 270 917; x_wconf 81' lang='lat' dir='ltr'>sdiccam</span> <span class='ocrx_word' id='word_1_49' title='bbox 297 850 458 915; x_wconf 88' lang='lat' dir='ltr'>desereret</span> <span class='ocrx_word' id='word_1_50' title='bbox 485 871 523 914; x_wconf 90' lang='lat' dir='ltr'>ac</span> <span class='ocrx_word' id='word_1_51' title='bbox 550 871 660 914; x_wconf 91' lang='lat' dir='ltr'>secum</span> <span class='ocrx_word' id='word_1_52' title='bbox 687 849 808 914; x_wconf 87' lang='lat' dir='ltr'>faceret</span> <span class='ocrx_word' id='word_1_53' title='bbox 831 850 1030 916; x_wconf 88' lang='lat' dir='ltr'>societatem.</span> <span class='ocrx_word' id='word_1_54' title='bbox 1077 873 1154 917; x_wconf 90' lang='lat' dir='ltr'>cum</span> 
     </span>
     <span class='ocr_line' id='line_1_9' title="bbox 145 937 1155 1024; baseline 0.001 -21"><span class='ocrx_word' id='word_1_55' title='bbox 145 939 318 1024; x_wconf 86' lang='lat' dir='ltr'>perducere</span> <span class='ocrx_word' id='word_1_56' title='bbox 342 959 416 1002; x_wconf 92' lang='lat' dir='ltr'>eum</span> <span class='ocrx_word' id='word_1_57' title='bbox 437 958 504 1002; x_wconf 91' lang='lat' dir='ltr'>non</span> <span class='ocrx_word' id='word_1_58' title='bbox 526 941 647 1022; x_wconf 90' lang='lat' dir='ltr'>posset,</span> <span class='ocrx_word' id='word_1_59' title='bbox 671 937 852 1003; x_wconf 90' lang='lat' dir='ltr'>interficere</span> <span class='ocrx_word' id='word_1_60' title='bbox 876 943 1011 1004; x_wconf 89' lang='lat' dir='ltr'>conatus</span> <span class='ocrx_word' id='word_1_61' title='bbox 1035 943 1095 1024; x_wconf 88' lang='lat' dir='ltr'>est,</span> <span class='ocrx_word' id='word_1_62' title='bbox 1118 944 1155 1004; x_wconf 90' lang='lat' dir='ltr'>et</span> 
     </span>
     <span class='ocr_line' id='line_1_10' title="bbox 145 1025 1154 1110; baseline 0.002 -20"><span class='ocrx_word' id='word_1_63' title='bbox 145 1025 291 1109; x_wconf 83' lang='lat' dir='ltr'>fecisset,</span> <span class='ocrx_word' id='word_1_64' title='bbox 317 1025 382 1089; x_wconf 79' lang='lat' dir='ltr'>nisi</span> <span class='ocrx_word' id='word_1_65' title='bbox 408 1025 464 1090; x_wconf 92' lang='lat' dir='ltr'>ille</span> <span class='ocrx_word' id='word_1_66' title='bbox 491 1025 575 1090; x_wconf 91' lang='lat' dir='ltr'>clam</span> <span class='ocrx_word' id='word_1_67' title='bbox 601 1029 701 1090; x_wconf 87' lang='lat' dir='ltr'>noctu</span> <span class='ocrx_word' id='word_1_68' title='bbox 729 1047 768 1090; x_wconf 86' lang='lat' dir='ltr'>ex</span> <span class='ocrx_word' id='word_1_69' title='bbox 790 1026 959 1110; x_wconf 80' lang='lat' dir='ltr'>praesidiis</span> <span class='ocrx_word' id='word_1_70' title='bbox 984 1027 1052 1091; x_wconf 91' lang='lat' dir='ltr'>eius</span> <span class='ocrx_word' id='word_1_71' title='bbox 1076 1026 1154 1092; x_wconf 85' lang='lat' dir='ltr'>effu·</span> 
     </span>
     <span class='ocr_line' id='line_1_11' title="bbox 171 1115 258 1179; baseline -0.011 0"><span class='ocrx_word' id='word_1_72' title='bbox 171 1115 258 1179; x_wconf 85' lang='lat' dir='ltr'>&#39;sset</span> 
     </span>
     <span class='ocr_line' id='line_1_12' title="bbox 112 1137 1155 1287; baseline -0.004 -16"><span class='ocrx_word' id='word_1_73' title='bbox 112 1137 180 1271; x_wconf 77' lang='lat' dir='ltr'>3gl</span> <span class='ocrx_word' id='word_1_74' title='bbox 235 1201 372 1268; x_wconf 87' lang='lat' dir='ltr'>Interim</span> <span class='ocrx_word' id='word_1_75' title='bbox 399 1201 539 1267; x_wconf 88' lang='lat' dir='ltr'>conflata</span> <span class='ocrx_word' id='word_1_76' title='bbox 566 1207 642 1268; x_wconf 87' lang='lat' dir='ltr'>sunt</span> <span class='ocrx_word' id='word_1_77' title='bbox 669 1203 726 1267; x_wconf 89' lang='lat' dir='ltr'>illa</span> <span class='ocrx_word' id='word_1_78' title='bbox 752 1202 851 1286; x_wconf 90' lang='lat' dir='ltr'>bella,</span> <span class='ocrx_word' id='word_1_79' title='bbox 879 1224 960 1287; x_wconf 89' lang='lat' dir='ltr'>quae</span> <span class='ocrx_word' id='word_1_80' title='bbox 988 1203 1028 1268; x_wconf 90' lang='lat' dir='ltr'>ad</span> <span class='ocrx_word' id='word_1_81' title='bbox 1055 1203 1155 1267; x_wconf 87' lang='lat' dir='ltr'>inter-</span> 
     </span>
     <span class='ocr_line' id='line_1_13' title="bbox 147 1289 1155 1376; baseline -0.001 -18"><span class='ocrx_word' id='word_1_82' title='bbox 147 1293 309 1360; x_wconf 90' lang='lat' dir='ltr'>nicionem</span> <span class='ocrx_word' id='word_1_83' title='bbox 331 1295 407 1375; x_wconf 88' lang='lat' dir='ltr'>post</span> <span class='ocrx_word' id='word_1_84' title='bbox 429 1289 605 1356; x_wconf 81' lang='lat' dir='ltr'>Alexandri</span> <span class='ocrx_word' id='word_1_85' title='bbox 628 1295 767 1356; x_wconf 92' lang='lat' dir='ltr'>mortem</span> <span class='ocrx_word' id='word_1_86' title='bbox 790 1294 884 1376; x_wconf 80' lang='lat' dir='ltr'>gesta</span> <span class='ocrx_word' id='word_1_87' title='bbox 911 1294 1000 1375; x_wconf 89' lang='lat' dir='ltr'>sunt,</span> <span class='ocrx_word' id='word_1_88' title='bbox 1028 1312 1155 1357; x_wconf 89' lang='lat' dir='ltr'>omnes·</span> 
     </span>
     <span class='ocr_line' id='line_1_14' title="bbox 149 1378 1154 1466; baseline -0.003 -18"><span class='ocrx_word' id='word_1_89' title='bbox 149 1404 211 1466; x_wconf 90' lang='lat' dir='ltr'>que</span> <span class='ocrx_word' id='word_1_90' title='bbox 235 1383 465 1447; x_wconf 89' lang='lat' dir='ltr'>concurrerunt</span> <span class='ocrx_word' id='word_1_91' title='bbox 488 1380 529 1444; x_wconf 92' lang='lat' dir='ltr'>ad</span> <span class='ocrx_word' id='word_1_92' title='bbox 551 1378 737 1446; x_wconf 84' lang='lat' dir='ltr'>Perdiccam</span> <span class='ocrx_word' id='word_1_93' title='bbox 761 1379 1014 1463; x_wconf 92' lang='lat' dir='ltr'>opprimendum.</span> <span class='ocrx_word' id='word_1_94' title='bbox 1056 1401 1154 1464; x_wconf 90' lang='lat' dir='ltr'>quem</span> 
     </span>
     <span class='ocr_line' id='line_1_15' title="bbox 149 1467 1154 1551; baseline -0.003 -15"><span class='ocrx_word' id='word_1_95' title='bbox 149 1471 213 1536; x_wconf 87' lang='lat' dir='ltr'>etsi</span> <span class='ocrx_word' id='word_1_96' title='bbox 239 1469 405 1534; x_wconf 89' lang='lat' dir='ltr'>infirmum</span> <span class='ocrx_word' id='word_1_97' title='bbox 432 1467 575 1551; x_wconf 84' lang='lat' dir='ltr'>videbat,</span> <span class='ocrx_word' id='word_1_98' title='bbox 604 1467 689 1551; x_wconf 90' lang='lat' dir='ltr'>quod</span> <span class='ocrx_word' id='word_1_99' title='bbox 716 1488 799 1531; x_wconf 91' lang='lat' dir='ltr'>unus</span> <span class='ocrx_word' id='word_1_100' title='bbox 827 1467 977 1532; x_wconf 88' lang='lat' dir='ltr'>omnibus</span> <span class='ocrx_word' id='word_1_101' title='bbox 1000 1467 1154 1534; x_wconf 89' lang='lat' dir='ltr'>resistere</span> 
     </span>
     <span class='ocr_line' id='line_1_16' title="bbox 149 1554 1154 1644; baseline -0.002 -20"><span class='ocrx_word' id='word_1_102' title='bbox 149 1559 340 1644; x_wconf 82' lang='lat' dir='ltr'>cogebatur,</span> <span class='ocrx_word' id='word_1_103' title='bbox 364 1560 473 1620; x_wconf 87' lang='lat' dir='ltr'>tamen</span> <span class='ocrx_word' id='word_1_104' title='bbox 496 1555 635 1620; x_wconf 89' lang='lat' dir='ltr'>amicum</span> <span class='ocrx_word' id='word_1_105' title='bbox 656 1576 722 1618; x_wconf 90' lang='lat' dir='ltr'>non</span> <span class='ocrx_word' id='word_1_106' title='bbox 745 1554 887 1618; x_wconf 89' lang='lat' dir='ltr'>descruit</span> <span class='ocrx_word' id='word_1_107' title='bbox 908 1577 1013 1640; x_wconf 88' lang='lat' dir='ltr'>neque</span> <span class='ocrx_word' id='word_1_108' title='bbox 1036 1556 1154 1622; x_wconf 89' lang='lat' dir='ltr'>salutis</span> 
     </span>
     <span class='ocr_line' id='line_1_17' title="bbox 114 1641 1154 1730; baseline 0 -20"><span class='ocrx_word' id='word_1_109' title='bbox 114 1662 247 1730; x_wconf 85' lang='lat' dir='ltr'>aquam</span> <span class='ocrx_word' id='word_1_110' title='bbox 270 1643 345 1707; x_wconf 92' lang='lat' dir='ltr'>fidei</span> <span class='ocrx_word' id='word_1_111' title='bbox 367 1642 430 1706; x_wconf 89' lang='lat' dir='ltr'>fuit</span> <span class='ocrx_word' id='word_1_112' title='bbox 453 1642 607 1727; x_wconf 90' lang='lat' dir='ltr'>cupidior.</span> <span class='ocrx_word' id='word_1_113' title='bbox 652 1641 852 1726; x_wconf 86' lang='lat' dir='ltr'>praefecerat</span> <span class='ocrx_word' id='word_1_114' title='bbox 873 1643 960 1709; x_wconf 90' lang='lat' dir='ltr'>hunc</span> <span class='ocrx_word' id='word_1_115' title='bbox 982 1643 1154 1711; x_wconf 89' lang='lat' dir='ltr'>Perdiccas</span> 
     </span>
     <span class='ocr_line' id='line_1_18' title="bbox 149 1729 1154 1817; baseline -0.001 -19"><span class='ocrx_word' id='word_1_116' title='bbox 149 1734 179 1798; x_wconf 94' lang='lat' dir='ltr'>ei</span> <span class='ocrx_word' id='word_1_117' title='bbox 196 1731 283 1816; x_wconf 91' lang='lat' dir='ltr'>parti</span> <span class='ocrx_word' id='word_1_118' title='bbox 297 1729 405 1814; x_wconf 87' lang='lat' dir='ltr'>Asiae,</span> <span class='ocrx_word' id='word_1_119' title='bbox 428 1751 509 1814; x_wconf 90' lang='lat' dir='ltr'>quae</span> <span class='ocrx_word' id='word_1_120' title='bbox 527 1730 613 1796; x_wconf 93' lang='lat' dir='ltr'>inter</span> <span class='ocrx_word' id='word_1_121' title='bbox 626 1729 769 1796; x_wconf 83' lang='lat' dir='ltr'>Taurum</span> <span class='ocrx_word' id='word_1_122' title='bbox 787 1735 932 1796; x_wconf 90' lang='lat' dir='ltr'>montem</span> <span class='ocrx_word' id='word_1_123' title='bbox 950 1732 1035 1798; x_wconf 89' lang='lat' dir='ltr'>iacet</span> <span class='ocrx_word' id='word_1_124' title='bbox 1055 1737 1154 1817; x_wconf 89' lang='lat' dir='ltr'>atque</span> 
     </span>
     <span class='ocr_line' id='line_1_19' title="bbox 149 1818 1154 1906; baseline 0.001 -21"><span class='ocrx_word' id='word_1_125' title='bbox 149 1821 412 1904; x_wconf 89' lang='lat' dir='ltr'>Hellespontum,</span> <span class='ocrx_word' id='word_1_126' title='bbox 442 1823 476 1884; x_wconf 89' lang='lat' dir='ltr'>et</span> <span class='ocrx_word' id='word_1_127' title='bbox 502 1818 596 1884; x_wconf 93' lang='lat' dir='ltr'>illum</span> <span class='ocrx_word' id='word_1_128' title='bbox 622 1841 723 1884; x_wconf 90' lang='lat' dir='ltr'>unum</span> <span class='ocrx_word' id='word_1_129' title='bbox 750 1824 947 1905; x_wconf 90' lang='lat' dir='ltr'>opposuerat</span> <span class='ocrx_word' id='word_1_130' title='bbox 973 1820 1154 1906; x_wconf 82' lang='lat' dir='ltr'>Europaeis</span> 
     </span>
     <span class='ocr_line' id='line_1_20' title="bbox 150 1906 1155 1995; baseline -0.002 -19"><span class='ocrx_word' id='word_1_131' title='bbox 150 1908 356 1993; x_wconf 71' lang='lat' dir='ltr'>adversariis,</span> <span class='ocrx_word' id='word_1_132' title='bbox 378 1908 448 1993; x_wconf 91' lang='lat' dir='ltr'>ipse</span> <span class='ocrx_word' id='word_1_133' title='bbox 462 1906 650 1994; x_wconf 81' lang='lat' dir='ltr'>Aegyptum</span> <span class='ocrx_word' id='word_1_134' title='bbox 669 1913 893 1995; x_wconf 82' lang='lat' dir='ltr'>oppugnatum</span> <span class='ocrx_word' id='word_1_135' title='bbox 911 1909 1064 1974; x_wconf 76' lang='lat' dir='ltr'>adversus</span> <span class='ocrx_word' id='word_1_136' title='bbox 1079 1908 1155 1974; x_wconf 87' lang='lat' dir='ltr'>Pto-</span> 
     </span>
     <span class='ocr_line' id='line_1_21' title="bbox 114 1995 1154 2084; baseline -0.002 -20"><span class='ocrx_word' id='word_1_137' title='bbox 114 2015 131 2064; x_wconf 80' lang='lat'><strong>3</strong></span> <span class='ocrx_word' id='word_1_138' title='bbox 149 2001 310 2065; x_wconf 91' lang='lat' dir='ltr'>lernaeum</span> <span class='ocrx_word' id='word_1_139' title='bbox 328 2001 399 2063; x_wconf 88' lang='lat' dir='ltr'>erat</span> <span class='ocrx_word' id='word_1_140' title='bbox 416 1995 589 2082; x_wconf 86' lang='lat' dir='ltr'>profectus.</span> <span class='ocrx_word' id='word_1_141' title='bbox 625 1997 787 2062; x_wconf 83' lang='lat' dir='ltr'>Eumenes</span> <span class='ocrx_word' id='word_1_142' title='bbox 807 2019 879 2063; x_wconf 93' lang='lat' dir='ltr'>cum</span> <span class='ocrx_word' id='word_1_143' title='bbox 897 2018 1000 2082; x_wconf 87' lang='lat' dir='ltr'>neque</span> <span class='ocrx_word' id='word_1_144' title='bbox 1019 2019 1154 2084; x_wconf 82' lang='lat' dir='ltr'>magnas</span> 
     </span>
     <span class='ocr_line' id='line_1_22' title="bbox 150 2085 1156 2174; baseline -0.004 -19"><span class='ocrx_word' id='word_1_145' title='bbox 150 2089 260 2174; x_wconf 91' lang='lat' dir='ltr'>copias</span> <span class='ocrx_word' id='word_1_146' title='bbox 283 2108 387 2171; x_wconf 92' lang='lat' dir='ltr'>neque</span> <span class='ocrx_word' id='word_1_147' title='bbox 410 2085 520 2150; x_wconf 87' lang='lat' dir='ltr'>firmas</span> <span class='ocrx_word' id='word_1_148' title='bbox 542 2087 686 2170; x_wconf 89' lang='lat' dir='ltr'>haberet,</span> <span class='ocrx_word' id='word_1_149' title='bbox 710 2085 795 2170; x_wconf 92' lang='lat' dir='ltr'>quod</span> <span class='ocrx_word' id='word_1_150' title='bbox 818 2091 852 2150; x_wconf 90' lang='lat' dir='ltr'>et</span> <span class='ocrx_word' id='word_1_151' title='bbox 871 2085 1102 2151; x_wconf 85' lang='lat' dir='ltr'>inexercitatae</span> <span class='ocrx_word' id='word_1_152' title='bbox 1122 2091 1156 2151; x_wconf 91' lang='lat' dir='ltr'>et</span> 
     </span>
     <span class='ocr_line' id='line_1_23' title="bbox 149 2173 1156 2256; baseline -0.004 -14"><span class='ocrx_word' id='word_1_153' title='bbox 149 2199 217 2242; x_wconf 93' lang='lat' dir='ltr'>non</span> <span class='ocrx_word' id='word_1_154' title='bbox 239 2176 343 2241; x_wconf 91' lang='lat' dir='ltr'>multo</span> <span class='ocrx_word' id='word_1_155' title='bbox 367 2179 441 2239; x_wconf 92' lang='lat' dir='ltr'>ante</span> <span class='ocrx_word' id='word_1_156' title='bbox 465 2178 557 2239; x_wconf 88' lang='lat' dir='ltr'>erant</span> <span class='ocrx_word' id='word_1_157' title='bbox 575 2177 768 2256; x_wconf 88' lang='lat' dir='ltr'>contractae,</span> <span class='ocrx_word' id='word_1_158' title='bbox 792 2173 963 2237; x_wconf 88' lang='lat' dir='ltr'>adventare</span> <span class='ocrx_word' id='word_1_159' title='bbox 981 2178 1091 2238; x_wconf 91' lang='lat' dir='ltr'>autem</span> <span class='ocrx_word' id='word_1_160' title='bbox 1111 2175 1156 2240; x_wconf 92' lang='lat' dir='ltr'>di·</span> 
     </span>
     <span class='ocr_line' id='line_1_24' title="bbox 151 2259 1156 2345; baseline -0.003 -15"><span class='ocrx_word' id='word_1_161' title='bbox 151 2267 300 2330; x_wconf 84' lang='lat' dir='ltr'>cerentur</span> <span class='ocrx_word' id='word_1_162' title='bbox 318 2261 630 2345; x_wconf 90' lang='lat' dir='ltr'>Hellespontumque</span> <span class='ocrx_word' id='word_1_163' title='bbox 654 2262 810 2325; x_wconf 88' lang='lat' dir='ltr'>transisse</span> <span class='ocrx_word' id='word_1_164' title='bbox 828 2259 1003 2342; x_wconf 86' lang='lat' dir='ltr'>Antipater</span> <span class='ocrx_word' id='word_1_165' title='bbox 1026 2265 1060 2324; x_wconf 90' lang='lat' dir='ltr'>et</span> <span class='ocrx_word' id='word_1_166' title='bbox 1079 2261 1156 2327; x_wconf 84' lang='lat' dir='ltr'>Ora·</span> 
     </span>
     <span class='ocr_line' id='line_1_25' title="bbox 151 2347 1156 2434; baseline -0.001 -18"><span class='ocrx_word' id='word_1_167' title='bbox 151 2357 239 2417; x_wconf 89' lang='lat' dir='ltr'>teros</span> <span class='ocrx_word' id='word_1_168' title='bbox 262 2371 379 2434; x_wconf 79' lang='lat' dir='ltr'>magno</span> <span class='ocrx_word' id='word_1_169' title='bbox 404 2371 477 2413; x_wconf 91' lang='lat' dir='ltr'>cum</span> <span class='ocrx_word' id='word_1_170' title='bbox 500 2349 642 2413; x_wconf 85' lang='lat' dir='ltr'>exercitu</span> <span class='ocrx_word' id='word_1_171' title='bbox 665 2347 885 2428; x_wconf 90' lang='lat' dir='ltr'>Macedonum,</span> <span class='ocrx_word' id='word_1_172' title='bbox 909 2347 970 2410; x_wconf 84' lang='lat' dir='ltr'>riri</span> <span class='ocrx_word' id='word_1_173' title='bbox 994 2369 1068 2412; x_wconf 90' lang='lat' dir='ltr'>eum</span> <span class='ocrx_word' id='word_1_174' title='bbox 1092 2351 1156 2416; x_wconf 87' lang='lat' dir='ltr'>cla-</span> 
     </span>
     <span class='ocr_line' id='line_1_26' title="bbox 115 2432 1155 2519; baseline 0.001 -16"><span class='ocrx_word' id='word_1_175' title='bbox 115 2440 248 2503; x_wconf 77' lang='lat' dir='ltr'>rritate</span> <span class='ocrx_word' id='word_1_176' title='bbox 285 2442 355 2500; x_wconf 89' lang='lat' dir='ltr'>tum</span> <span class='ocrx_word' id='word_1_177' title='bbox 387 2457 448 2500; x_wconf 91' lang='lat' dir='ltr'>usu</span> <span class='ocrx_word' id='word_1_178' title='bbox 484 2436 561 2500; x_wconf 88' lang='lat' dir='ltr'>belli</span> <span class='ocrx_word' id='word_1_179' title='bbox 598 2437 800 2518; x_wconf 89' lang='lat' dir='ltr'>praestantes</span> <span class='ocrx_word' id='word_1_180' title='bbox 834 2432 1040 2519; x_wconf 89' lang='lat' dir='ltr'>(Macedones</span> <span class='ocrx_word' id='word_1_181' title='bbox 1077 2459 1155 2504; x_wconf 87' lang='lat' dir='ltr'>vero</span> 
     </span>
     <span class='ocr_line' id='line_1_27' title="bbox 151 2521 1156 2608; baseline -0.001 -16"><span class='ocrx_word' id='word_1_182' title='bbox 151 2527 273 2592; x_wconf 85' lang='lat' dir='ltr'>milites</span> <span class='ocrx_word' id='word_1_183' title='bbox 296 2545 333 2589; x_wconf 89' lang='lat' dir='ltr'>ea</span> <span class='ocrx_word' id='word_1_184' title='bbox 356 2528 426 2588; x_wconf 90' lang='lat' dir='ltr'>tum</span> <span class='ocrx_word' id='word_1_185' title='bbox 449 2527 545 2588; x_wconf 89' lang='lat' dir='ltr'>erunt</span> <span class='ocrx_word' id='word_1_186' title='bbox 567 2522 666 2608; x_wconf 88' lang='lat' dir='ltr'>fama,</span> <span class='ocrx_word' id='word_1_187' title='bbox 694 2544 758 2607; x_wconf 91' lang='lat' dir='ltr'>qua</span> <span class='ocrx_word' id='word_1_188' title='bbox 779 2545 864 2588; x_wconf 90' lang='lat' dir='ltr'>nunc</span> <span class='ocrx_word' id='word_1_189' title='bbox 887 2521 1026 2588; x_wconf 86' lang='lat' dir='ltr'>Romani</span> <span class='ocrx_word' id='word_1_190' title='bbox 1050 2524 1156 2592; x_wconf 77' lang='lat' dir='ltr'>feram·</span> 
     </span>
     <span class='ocr_line' id='line_1_28' title="bbox 151 2611 1155 2696; baseline -0.002 -16"><span class='ocrx_word' id='word_1_191' title='bbox 151 2621 219 2680; x_wconf 90' lang='lat' dir='ltr'>tur:</span> <span class='ocrx_word' id='word_1_192' title='bbox 242 2613 362 2678; x_wconf 88' lang='lat' dir='ltr'>etenim</span> <span class='ocrx_word' id='word_1_193' title='bbox 385 2633 511 2696; x_wconf 87' lang='lat' dir='ltr'>semper</span> <span class='ocrx_word' id='word_1_194' title='bbox 532 2611 637 2678; x_wconf 88' lang='lat' dir='ltr'>habiti</span> <span class='ocrx_word' id='word_1_195' title='bbox 660 2615 738 2677; x_wconf 88' lang='lat' dir='ltr'>sunt</span> <span class='ocrx_word' id='word_1_196' title='bbox 756 2611 937 2696; x_wconf 86' lang='lat' dir='ltr'>fortissimi,</span> <span class='ocrx_word' id='word_1_197' title='bbox 961 2613 1016 2696; x_wconf 93' lang='lat' dir='ltr'>qui</span> <span class='ocrx_word' id='word_1_198' title='bbox 1036 2616 1155 2680; x_wconf 85' lang='lat' dir='ltr'>summi</span> 
     </span>
     <span class='ocr_line' id='line_1_29' title="bbox 151 2697 1154 2790; baseline -0.001 -21"><span class='ocrx_word' id='word_1_199' title='bbox 151 2703 281 2790; x_wconf 89' lang='lat' dir='ltr'>imperii</span> <span class='ocrx_word' id='word_1_200' title='bbox 303 2697 514 2788; x_wconf 88' lang='lat' dir='ltr'>potirentur):</span> <span class='ocrx_word' id='word_1_201' title='bbox 543 2699 705 2766; x_wconf 77' lang='lat' dir='ltr'>Eumenes</span> <span class='ocrx_word' id='word_1_202' title='bbox 732 2701 958 2786; x_wconf 83' lang='lat' dir='ltr'>intellegebat,</span> <span class='ocrx_word' id='word_1_203' title='bbox 986 2701 1015 2766; x_wconf 86' lang='lat' dir='ltr'>si</span> <span class='ocrx_word' id='word_1_204' title='bbox 1043 2703 1154 2786; x_wconf 88' lang='lat' dir='ltr'>copiae</span> 
     </span>
     <span class='ocr_line' id='line_1_30' title="bbox 153 2789 1154 2878; baseline -0.004 -18"><span class='ocrx_word' id='word_1_205' title='bbox 153 2816 230 2860; x_wconf 87' lang='lat' dir='ltr'>suaa</span> <span class='ocrx_word' id='word_1_206' title='bbox 253 2793 457 2878; x_wconf 80' lang='lat' dir='ltr'>cognossent,</span> <span class='ocrx_word' id='word_1_207' title='bbox 480 2789 631 2854; x_wconf 85' lang='lat' dir='ltr'>adversus</span> <span class='ocrx_word' id='word_1_208' title='bbox 651 2811 732 2873; x_wconf 89' lang='lat' dir='ltr'>quos</span> <span class='ocrx_word' id='word_1_209' title='bbox 751 2789 952 2874; x_wconf 89' lang='lat' dir='ltr'>ducerentur,</span> <span class='ocrx_word' id='word_1_210' title='bbox 974 2811 1039 2855; x_wconf 92' lang='lat' dir='ltr'>non</span> <span class='ocrx_word' id='word_1_211' title='bbox 1058 2792 1154 2856; x_wconf 88' lang='lat' dir='ltr'>modo</span> 
     </span>
     <span class='ocr_line' id='line_1_31' title="bbox 117 2878 1154 2966; baseline -0.005 -17"><span class='ocrx_word' id='word_1_212' title='bbox 117 2897 217 2949; x_wconf 78' lang='lat' dir='ltr'>onon</span> <span class='ocrx_word' id='word_1_213' title='bbox 240 2882 358 2966; x_wconf 83' lang='lat' dir='ltr'>ituras,</span> <span class='ocrx_word' id='word_1_214' title='bbox 380 2879 436 2944; x_wconf 90' lang='lat' dir='ltr'>sed</span> <span class='ocrx_word' id='word_1_215' title='bbox 459 2878 555 2943; x_wconf 87' lang='lat' dir='ltr'>simul</span> <span class='ocrx_word' id='word_1_216' title='bbox 579 2900 652 2944; x_wconf 89' lang='lat' dir='ltr'>cunr</span> <span class='ocrx_word' id='word_1_217' title='bbox 674 2878 789 2942; x_wconf 91' lang='lat' dir='ltr'>nuntio</span> <span class='ocrx_word' id='word_1_218' title='bbox 812 2878 1002 2961; x_wconf 89' lang='lat' dir='ltr'>dilapsuras.</span> <span class='ocrx_word' id='word_1_219' title='bbox 1044 2879 1154 2962; x_wconf 90' lang='lat' dir='ltr'>itaque</span> 
     </span>
     <span class='ocr_line' id='line_1_32' title="bbox 151 2965 1155 3052; baseline -0.004 -16"><span class='ocrx_word' id='word_1_220' title='bbox 151 2971 215 3036; x_wconf 91' lang='lat' dir='ltr'>hoc</span> <span class='ocrx_word' id='word_1_221' title='bbox 233 2971 263 3036; x_wconf 91' lang='lat' dir='ltr'>ei</span> <span class='ocrx_word' id='word_1_222' title='bbox 281 2969 386 3035; x_wconf 84' lang='lat' dir='ltr'>visum</span> <span class='ocrx_word' id='word_1_223' title='bbox 409 2971 460 3033; x_wconf 85' lang='lat' dir='ltr'>est</span> <span class='ocrx_word' id='word_1_224' title='bbox 481 2966 777 3052; x_wconf 90' lang='lat' dir='ltr'>prudentissimum,</span> <span class='ocrx_word' id='word_1_225' title='bbox 800 2969 837 3030; x_wconf 91' lang='lat' dir='ltr'>ut</span> <span class='ocrx_word' id='word_1_226' title='bbox 860 2965 961 3030; x_wconf 83' lang='lat' dir='ltr'>deviis</span> <span class='ocrx_word' id='word_1_227' title='bbox 983 2966 1155 3032; x_wconf 89' lang='lat' dir='ltr'>itineribus</span> 
     </span>
     <span class='ocr_line' id='line_1_33' title="bbox 152 3052 1155 3140; baseline -0.003 -17"><span class='ocrx_word' id='word_1_228' title='bbox 152 3059 274 3124; x_wconf 87' lang='lat' dir='ltr'>milites</span> <span class='ocrx_word' id='word_1_229' title='bbox 302 3058 446 3140; x_wconf 87' lang='lat' dir='ltr'>duceret,</span> <span class='ocrx_word' id='word_1_230' title='bbox 475 3056 509 3120; x_wconf 89' lang='lat' dir='ltr'>in</span> <span class='ocrx_word' id='word_1_231' title='bbox 536 3055 652 3138; x_wconf 88' lang='lat' dir='ltr'>quibus</span> <span class='ocrx_word' id='word_1_232' title='bbox 680 3075 757 3119; x_wconf 80' lang='lat' dir='ltr'>uera</span> <span class='ocrx_word' id='word_1_233' title='bbox 783 3052 892 3118; x_wconf 90' lang='lat' dir='ltr'>audire</span> <span class='ocrx_word' id='word_1_234' title='bbox 919 3075 986 3118; x_wconf 91' lang='lat' dir='ltr'>non</span> <span class='ocrx_word' id='word_1_235' title='bbox 1012 3059 1155 3140; x_wconf 82' lang='lat' dir='ltr'>possent,</span> 
     </span>
     <span class='ocr_line' id='line_1_34' title="bbox 153 3141 1156 3230; baseline -0.004 -18"><span class='ocrx_word' id='word_1_236' title='bbox 153 3151 187 3212; x_wconf 89' lang='lat' dir='ltr'>et</span> <span class='ocrx_word' id='word_1_237' title='bbox 213 3145 253 3209; x_wconf 88' lang='lat' dir='ltr'>iis</span> <span class='ocrx_word' id='word_1_238' title='bbox 281 3145 489 3230; x_wconf 88' lang='lat' dir='ltr'>persuaderet</span> <span class='ocrx_word' id='word_1_239' title='bbox 515 3165 549 3209; x_wconf 91' lang='lat' dir='ltr'>se</span> <span class='ocrx_word' id='word_1_240' title='bbox 578 3146 691 3208; x_wconf 89' lang='lat' dir='ltr'>contra</span> <span class='ocrx_word' id='word_1_241' title='bbox 718 3141 875 3226; x_wconf 90' lang='lat' dir='ltr'>quosdam</span> <span class='ocrx_word' id='word_1_242' title='bbox 904 3142 1061 3208; x_wconf 90' lang='lat' dir='ltr'>barbaros</span> <span class='ocrx_word' id='word_1_243' title='bbox 1084 3165 1156 3228; x_wconf 93' lang='lat' dir='ltr'>pro-</span> 
     </span>
     <span class='ocr_line' id='line_1_35' title="bbox 118 3230 1156 3318; baseline -0.006 -16"><span class='ocrx_word' id='word_1_244' title='bbox 118 3254 134 3302; x_wconf 85' lang='lat' dir='ltr'>e</span> <span class='ocrx_word' id='word_1_245' title='bbox 152 3233 262 3300; x_wconf 88' lang='lat' dir='ltr'>fieisoi.</span> <span class='ocrx_word' id='word_1_246' title='bbox 292 3237 389 3318; x_wconf 89' lang='lat' dir='ltr'>atque</span> <span class='ocrx_word' id='word_1_247' title='bbox 413 3232 519 3298; x_wconf 91' lang='lat' dir='ltr'>tenuit</span> <span class='ocrx_word' id='word_1_248' title='bbox 536 3232 598 3297; x_wconf 90' lang='lat' dir='ltr'>hoe</span> <span class='ocrx_word' id='word_1_249' title='bbox 616 3231 821 3315; x_wconf 88' lang='lat' dir='ltr'>propositum</span> <span class='ocrx_word' id='word_1_250' title='bbox 840 3234 874 3296; x_wconf 88' lang='lat' dir='ltr'>et</span> <span class='ocrx_word' id='word_1_251' title='bbox 891 3230 982 3314; x_wconf 89' lang='lat' dir='ltr'>prius</span> <span class='ocrx_word' id='word_1_252' title='bbox 1000 3231 1035 3296; x_wconf 89' lang='lat' dir='ltr'>in</span> <span class='ocrx_word' id='word_1_253' title='bbox 1053 3231 1156 3296; x_wconf 92' lang='lat' dir='ltr'>aciem</span> 
     </span>
     <span class='ocr_line' id='line_1_36' title="bbox 153 3317 1155 3404; baseline -0.008 -13"><span class='ocrx_word' id='word_1_254' title='bbox 153 3323 330 3390; x_wconf 85' lang='lat' dir='ltr'>exercitum</span> <span class='ocrx_word' id='word_1_255' title='bbox 348 3321 458 3386; x_wconf 82' lang='lat' dir='ltr'>eduxit</span> <span class='ocrx_word' id='word_1_256' title='bbox 479 3320 702 3404; x_wconf 89' lang='lat' dir='ltr'>proeliumque</span> <span class='ocrx_word' id='word_1_257' title='bbox 722 3317 894 3402; x_wconf 88' lang='lat' dir='ltr'>commisit,</span> <span class='ocrx_word' id='word_1_258' title='bbox 918 3339 1016 3400; x_wconf 91' lang='lat' dir='ltr'>quam</span> <span class='ocrx_word' id='word_1_259' title='bbox 1035 3318 1155 3384; x_wconf 89' lang='lat' dir='ltr'>milites</span> 
     </span>
     <span class='ocr_line' id='line_1_37' title="bbox 154 3403 1156 3493; baseline -0.008 -15"><span class='ocrx_word' id='word_1_260' title='bbox 154 3413 204 3478; x_wconf 91' lang='lat' dir='ltr'>sui</span> <span class='ocrx_word' id='word_1_261' title='bbox 223 3411 351 3493; x_wconf 86' lang='lat' dir='ltr'>seirent,</span> <span class='ocrx_word' id='word_1_262' title='bbox 374 3429 447 3472; x_wconf 92' lang='lat' dir='ltr'>cum</span> <span class='ocrx_word' id='word_1_263' title='bbox 467 3408 583 3488; x_wconf 89' lang='lat' dir='ltr'>quibus</span> <span class='ocrx_word' id='word_1_264' title='bbox 602 3427 693 3468; x_wconf 83' lang='lat' dir='ltr'>arma</span> <span class='ocrx_word' id='word_1_265' title='bbox 710 3404 901 3467; x_wconf 84' lang='lat' dir='ltr'>conferrent.</span> <span class='ocrx_word' id='word_1_266' title='bbox 932 3403 1039 3468; x_wconf 84' lang='lat' dir='ltr'>effecit</span> <span class='ocrx_word' id='word_1_267' title='bbox 1057 3407 1156 3470; x_wconf 88' lang='lat' dir='ltr'>etiam</span> 
     </span>
     <span class='ocr_line' id='line_1_38' title="bbox 153 3490 1156 3579; baseline -0.011 -14"><span class='ocrx_word' id='word_1_268' title='bbox 153 3499 234 3565; x_wconf 90' lang='lat' dir='ltr'>illud</span> <span class='ocrx_word' id='word_1_269' title='bbox 256 3500 401 3564; x_wconf 91' lang='lat' dir='ltr'>locorum</span> <span class='ocrx_word' id='word_1_270' title='bbox 423 3491 725 3579; x_wconf 88' lang='lat' dir='ltr'>praeoccupatione,</span> <span class='ocrx_word' id='word_1_271' title='bbox 748 3494 786 3552; x_wconf 89' lang='lat' dir='ltr'>ut</span> <span class='ocrx_word' id='word_1_272' title='bbox 809 3490 956 3572; x_wconf 90' lang='lat' dir='ltr'>equitatu</span> <span class='ocrx_word' id='word_1_273' title='bbox 979 3491 1088 3572; x_wconf 86' lang='lat' dir='ltr'>potius</span> <span class='ocrx_word' id='word_1_274' title='bbox 1111 3493 1156 3554; x_wconf 92' lang='lat' dir='ltr'>di·</span> 
     </span>
    </p>
   </div>
   <div class='ocr_carea' id='block_1_3' title="bbox 0 0 1304 3910">
    <p class='ocr_par' dir='ltr' id='par_1_3' title="bbox 0 0 1304 3910">
     <span class='ocr_line' id='line_1_39' title="bbox 0 0 1304 3910; baseline 0 0"><span class='ocrx_word' id='word_1_275' title='bbox 0 0 1304 3910; x_wconf 95' lang='lat' dir='ltr'> </span> 
     </span>
    </p>
   </div>
  </div>
 </body>
</html>
