2596 3910
163 226 204 290 76
468 224 568 281 XVIII.
586 225 766 282 EUMENES.
794 235 819 283 8.
838 233 864 284 9.

160 373 294 455 pserunt
315 392 382 436 non
399 371 440 436 ad
457 393 553 437 usum
575 371 664 456 belli,
685 371 742 438 sed
765 371 806 437 ad
827 372 974 456 ipsorum
996 374 1172 461 luxuriam,

125 460 322 544 clongeque
348 459 435 524 inter
462 480 497 525 se
525 459 748 525 discesserant.
793 459 855 526 hoc
878 459 1066 547 Antigonus
1095 485 1170 530 cum

162 546 375 631 comperisset
396 547 664 634 intellegeretque
687 569 721 613 se
740 569 853 632 parem
870 570 937 614 non
955 571 1025 615 esse
1041 553 1170 636 paratis

162 635 369 718 adversariis,
396 635 514 700 statuit
541 635 665 719 aliquid
686 635 751 700 sibi
774 636 904 701 consilii
925 637 1000 702 novi
1022 659 1092 704 esse
1116 662 1169 704 ca·

161 723 322 810 piendum.
346 724 427 788 duae
450 727 542 788 erant
564 723 644 807 viae,
668 744 733 806 qua
754 744 794 788 ex
812 721 927 809 Medis,
949 725 1004 791 ubi
1021 725 1075 790 ille
1097 725 1167 792 hie·

162 812 282 896 mabat,
305 811 346 877 ad
368 811 626 876 adversariorum
638 811 850 877 hibernacula
867 817 981 896 posset
997 814 1167 897 perveniri.

127 914 143 963 5
164 921 300 984 querum
323 899 451 964 brevior
472 920 531 984 per
548 899 622 965 loca
639 900 776 983 deserta,
799 921 881 983 quae
895 922 990 966 nemo
1004 901 1168 968 incolebat

161 987 728 1141 lllplllll¹¹³⁰ll⁰lll⁰t⁰³lmm
742 987 950 1142 ttttttt
962 988 1030 1142 ep
1044 990 1167 1142 ‘lim‘

162 1164 287 1249 giorem
309 1097 454 1230 habibat
470 1099 751 1251 pafrpotpppppp
771 1127 841 1231 eret
860 1099 991 1250 copliobe
1005 1099 1166 1231 bumbiuoml·

127 1267 225 1337 oque
248 1275 357 1319 rerum
379 1253 556 1320 abundans.
600 1255 662 1322 hac
689 1255 717 1320 si
744 1253 1015 1339 proficisceretur,
1042 1254 1167 1319 intelle-

70 1388 76 1399 1
163 1342 263 1427 gebat
294 1343 385 1428 prius
417 1343 617 1409 adversarios
648 1343 824 1409 rescituros
856 1342 895 1408 de
926 1363 986 1406 suo
1019 1342 1168 1425 adventu,

164 1452 262 1515 quam
284 1431 353 1516 ipse
372 1432 505 1496 tertiam
522 1436 649 1516 partem
668 1430 859 1498 confecisset
876 1429 1017 1512 itineris3
1040 1430 1093 1494 sin
1110 1451 1169 1514 per

163 1519 236 1584 loca
254 1520 325 1584 sola
338 1520 554 1602 contenderet,
572 1518 724 1603 sperabat
738 1538 772 1581 se
785 1513 1021 1597 imprudentem
1035 1515 1170 1582 hostem

128 1621 401 1690 roppressurum.
446 1606 486 1669 ad
517 1606 599 1669 hanc
631 1625 699 1668 rem
730 1599 961 1667 conficiendam
992 1601 1170 1687 imperavit

163 1715 260 1776 quam
285 1692 444 1775 plurimos
473 1696 563 1755 utres
586 1695 684 1774 atque
706 1689 806 1754 etium
828 1688 950 1755 culleos
974 1695 1168 1777 comparari,

160 1783 237 1863 post
263 1779 343 1844 haec
369 1777 538 1862 pabulum,
569 1781 737 1862 praeterea
764 1777 887 1842 cibaria
918 1782 1011 1844 cocta
1041 1779 1167 1846 diorum

161 1868 284 1952 decem,
314 1871 352 1932 ut
375 1887 472 1951 quam
495 1865 627 1931 minime
649 1865 743 1931 fleret
765 1865 851 1952 ignis
874 1865 909 1930 in
932 1867 1058 1932 castris.
1102 1869 1167 1934 iter

163 1979 226 2042 quo
244 1955 373 2040 hebeat,
391 1976 502 2020 omnes
517 1954 609 2021 celat.
637 1954 683 2019 sic
701 1958 845 2040 paratus,
864 1976 928 2038 que
942 1955 1166 2042 constituerat,

162 2045 386 2132 proficiscitur.

127 2134 148 2198 9
251 2134 428 2200 Dimidium
451 2132 518 2198 fere
540 2131 682 2216 spatium
703 2130 895 2214 confeceret,
917 2152 991 2196 cum
1014 2153 1053 2196 ex
1075 2131 1165 2200 fumo

164 2228 344 2290 castrorum
363 2223 432 2287 eius
451 2221 591 2306 suspicio
610 2219 711 2284 allata
724 2224 775 2285 est
789 2219 829 2283 ad
842 2217 1022 2284 Eumenem
1035 2220 1166 2286 hostem

164 2312 429 2398 appropinquare.
452 2309 646 2376 conveniunt
664 2308 774 2372 duces:
798 2307 972 2390 quaeritur,
991 2305 1068 2390 quid
1083 2329 1167 2392 opus

163 2401 208 2466 sit
239 2400 334 2464 facto.
380 2398 613 2483 intellegebant
640 2416 751 2460 omnes
783 2397 852 2458 tam
879 2392 1026 2458 celeriter
1053 2397 1167 2480 copias

161 2489 306 2574 ipsorum
320 2487 468 2552 contrahi
481 2508 547 2551 non
564 2505 669 2570 posse,
686 2503 783 2568 quam
796 2479 982 2567 Antigonus
1005 2481 1167 2550 affuturus

128 2593 144 2641 a
163 2575 340 2642 ridebatur.
373 2575 428 2642 hic
446 2575 595 2640 omnibus
619 2569 837 2636 titubantibus
856 2569 946 2634 etde
965 2571 1062 2636 rebus
1081 2593 1167 2638 sum·

164 2665 226 2732 mis
250 2663 495 2751 desperantibus
517 2662 678 2730 Eumenes
701 2660 761 2742 ait,
788 2659 817 2724 si
840 2657 1041 2726 celeritatem
1063 2661 1168 2726 velint

165 2755 318 2822 adhibere
342 2759 376 2821 et
397 2755 554 2840 imperata
576 2749 694 2833 fecere,
721 2747 807 2833 quod
833 2751 910 2814 ante
932 2769 998 2813 non
1020 2747 1166 2833 fecerint,

166 2867 201 2912 se
223 2867 292 2912 rem
314 2844 544 2930 expediturum.
587 2859 663 2904 nam
686 2836 772 2921 quod
800 2837 858 2902 iter
884 2836 998 2902 diebus
1022 2837 1166 2921 quinque

165 2935 271 3001 hostis
295 2933 450 3000 transisse
472 2933 595 3018 posset,
622 2948 656 2992 se
680 2925 868 2991 effecturum
899 2928 938 2989 ut
964 2946 1030 2990 non
1057 2925 1166 3024 minus

132 3044 136 3054 “
166 3024 304 3090 totidem
323 3023 446 3089 dierum
460 3019 565 3106 spatio
579 3014 810 3081 retardaretur:
833 3033 933 3095 quare
947 3013 1165 3097 circumuent,

130 3108 241 3177 osuas
266 3113 401 3196 quisque
425 3107 627 3177 contraheret
650 3101 768 3186 copias.
808 3099 849 3164 ad
871 3099 1031 3186 Antigoni
1055 3103 1165 3167 autem

165 3200 392 3266 refrenandum
423 3201 579 3284 impetum
610 3190 675 3256 tale
708 3188 795 3273 cepit
831 3188 1011 3253 eonsilium.
1057 3192 1167 3254 certos

165 3289 270 3354 mittit
300 3289 447 3354 homines
475 3286 514 3352 ad
544 3281 672 3348 infimos
699 3279 840 3360 montes,
872 3277 928 3360 qui
955 3275 1043 3341 obvii
1071 3280 1167 3342 erent

165 3378 275 3445 itineri
298 3377 561 3455 adversariorum,
583 3370 687 3451 iisque
704 3364 863 3464 praecipit
881 3367 919 3428 ut
936 3364 1042 3447 prima
1059 3368 1166 3448 nocte,

166 3488 264 3551 quam
286 3465 444 3530 latissime
466 3460 602 3546 possint,
624 3456 716 3539 ignes
738 3451 861 3515 fauent
885 3472 982 3534 quem
1005 3452 1165 3516 maximos

166 3559 265 3636 etque
286 3553 346 3614 hos
369 3547 507 3614 secunda
528 3541 640 3626 vigilia
662 3539 823 3616 minuent,
850 3537 949 3600 tertie
970 3539 1165 3623 perexiguos
