2598 3906
45 3 275 11 -----—-——

140 239 182 302 28
449 240 509 295 Vll.
529 237 753 294 ALCIBIADES.
783 243 806 294 'l.
826 244 851 292 8.

139 385 273 469 publica
295 385 383 451 domi
405 383 547 467 bellique
570 382 701 466 tradita,
722 386 760 447 ut
782 381 877 446 unius
901 381 1037 446 arbitrio
1061 403 1150 468 gere-

140 477 244 557 retur,
268 477 302 538 et
323 474 393 558 ipse
416 471 615 556 postulasset
637 473 676 535 ut
699 470 761 535 duo
785 470 848 534 sihi
870 470 1015 555 collegae
1038 469 1151 534 daren·
1288 492 1289 564 y

141 567 210 646 tur,
240 560 464 644 Thrasybulus
497 563 531 622 et
557 557 767 642 Adimantus,
798 578 902 642 neque
933 557 966 621 id
992 577 1032 624 ne
1057 561 1150 622 atum

142 654 242 734 esset,
270 650 372 714 classe
399 648 435 711 in
456 645 571 711 Asiam
597 645 777 732 profectus,
805 646 891 730 quod
918 645 1002 730 apud
1025 577 1148 729 &ymen

141 740 249 802 minus
273 759 312 801 ex
335 735 496 801 sententia
518 755 587 799 rem
609 737 765 819 gesserat,
787 735 822 799 in
842 733 999 799 invidiam
1020 733 1150 798 recidit:

106 827 224 891 anihil
247 825 333 889 enim
356 844 429 887 eum
450 843 518 886 non
540 822 668 887 efficere
690 843 787 906 posse
810 822 981 887 ducebant.
1023 843 1062 886 ex
1085 842 1150 904 quo

141 914 242 976 fiebat
268 915 306 975 ut
334 911 443 976 omnia
470 909 578 974 minus
601 931 755 994 prospere
778 915 872 995 gesta
895 911 1009 994 culpae
1031 909 1151 974 tribue
1255 955 1261 968 .

141 1003 227 1082 rent,
257 1020 331 1063 eum
359 1002 417 1062 aut
439 1020 513 1062 eum
534 997 746 1082 neglegenter
769 1002 826 1062 aut
846 997 1012 1063 malitiose
1034 995 1150 1062 fecisse

140 1088 360 1170 loquerentur,
384 1087 470 1150 sicut
489 1089 561 1149 tum
580 1085 711 1149 accidit:
733 1107 810 1150 narn
829 1091 1019 1170 corruptum
1038 1109 1057 1151 a
1074 1105 1151 1172 rege

106 1192 123 1239 a
142 1196 255 1257 capere
270 1172 395 1258 Cymen
407 1173 551 1238 noluisse
566 1174 754 1258 arguebant.
791 1173 903 1257 itaque
921 1173 998 1239 huic
1013 1175 1152 1240 maxime

142 1266 296 1347 putamus
319 1261 406 1326 malo
429 1261 531 1326 fuisse
553 1261 689 1325 nimiam
708 1262 893 1345 opinionem
911 1263 1035 1348 ingenii
1054 1267 1152 1345 atque

143 1351 289 1415 virtutis:
312 1349 491 1414 timebatur
513 1350 600 1413 enim
618 1371 684 1414 non
702 1350 809 1414 minus
829 1370 926 1433 quam
945 1351 1153 1435 diligebatur,

142 1461 184 1503 ne
208 1439 347 1504 secunda
369 1437 504 1502 fortuna
526 1439 717 1522 magnisque
741 1437 857 1521 opibus
881 1439 985 1501 elatus
1009 1439 1153 1520 tyranni-

144 1527 217 1590 dem
245 1525 495 1610 concupisceret.
542 1525 659 1608 quibus
687 1526 783 1589 rebus
812 1524 937 1589 factum
963 1529 1014 1588 est
1036 1529 1075 1588 ut
1098 1528 1153 1590 ab·

144 1614 229 1678 senti
253 1614 392 1698 magistr
412 1617 484 1678 tum
508 1613 705 1697 abrogarent
727 1616 761 1676 et
779 1612 883 1676 alium
901 1612 937 1676 in
955 1612 1024 1677 eius
1042 1613 1152 1678 locum
1181 1648 1195 1655 -

107 1715 126 1764 4
144 1634 412 1810 substituerent)
419 1701 453 1764 id
471 1700 527 1764 ille
545 1703 583 1764 ut
602 1700 735 1784 audivit,
758 1700 890 1765 domum
908 1701 1028 1765 reverti
1045 1702 1153 1766 noluit

143 1793 177 1852 et
195 1809 229 1852 se
248 1788 394 1872 Pactyen
412 1788 552 1853 contulit
575 1788 685 1871 ibique
707 1789 773 1852 tria
796 1787 931 1853 castella
951 1790 1153 1874 communiit,

54 1915 56 1920 ·
145 1875 265 1960 Ornos,
287 1876 482 1960 Bisanthen,
504 1874 723 1961 Neontiehos,
745 1895 907 1961 manuque
931 1878 1068 1943 collecta
1090 1879 1152 1962 pri·

144 1987 217 2029 mus
246 1963 389 2030 Graecae
417 1964 559 2030 civitatis
587 1964 621 2028 in
647 1963 839 2030 Thraeciam
865 1965 1008 2050 introiit,
1035 1968 1153 2054 glorio·

146 2053 213 2118 sius
241 2054 430 2119 existimans
456 2053 670 2118 barbarorum
699 2055 819 2137 praeda
840 2054 1033 2139 locupletari
1056 2077 1153 2140 quam

109 2156 126 2204 a
147 2140 330 2207 Graiorum.
367 2162 540 2226 quaerre
559 2145 705 2205 creuerat
727 2163 801 2222 curn
823 2141 912 2207 fama
933 2147 1004 2222 tum
1028 2145 1153 2228 opibus,

146 2251 363 2316 magnamque
390 2229 568 2294 amicitiam
595 2228 659 2292 sibi
689 2251 763 2294 cum
796 2230 989 2312 quibusdam
1020 2231 1152 2316 regibus

145 2317 320 2381 Thraeciae
342 2321 521 2400 pepererat.

111 2405 130 2468 8
233 2403 347 2487 Neque
375 2408 528 2468 tamena
552 2404 687 2469 caritate
714 2406 839 2490 patriae
866 2405 976 2489 potuit
998 2408 1152 2473 recedere.
1289 2483 1292 2494 ¹

144 2513 220 2556 nam
240 2513 314 2556 eum
333 2492 418 2575 apud
436 2490 546 2577 Aegos
569 2493 690 2557 flumen
708 2491 881 2576 Philocles,
903 2499 1035 2577 praetor
1053 2495 1154 2561 Athe-

144 2580 315 2664 niensium,
339 2579 477 2646 classem
500 2581 725 2646 constituisset
748 2603 840 2646 suam
861 2603 965 2665 neque
983 2583 1081 2671 longe
1100 2586 1155 2649 ab

145 2671 233 2733 esset
255 2666 435 2753 Lysander,
457 2672 589 2752 praetor
611 2667 956 2755 Lacedaemoniorum,
979 2672 1035 2755 qui
1058 2673 1093 2737 in
1115 2695 1155 2738 eo

145 2761 217 2820 erat
246 2759 423 2841 occupatus
453 2761 491 2823 ut
522 2757 644 2822 bellum
674 2779 771 2841 quam
800 2758 982 2824 diutissime
1014 2760 1157 2844 duceret,
1244 2831 1246 2838 ,

147 2845 233 2928 quod
251 2846 332 2930 ipsis
351 2846 488 2930 pecunia
501 2869 521 2909 a
537 2867 613 2931 rege
632 2845 909 2931 suppeditabatur,
927 2850 1042 2912 contra
1055 2847 1154 2912 Athe·
1251 2892 1253 2897 ,

145 2933 314 2999 aiensibus
342 2933 507 2999 exhaustis
533 2938 663 3017 praeter
690 2955 780 2999 arma
802 2939 836 2998 et
857 2955 956 2998 naves
978 2933 1061 2999 nihil
1084 2939 1155 2999 erat

110 3033 257 3106 asaper,
289 3023 475 3087 Alcibiades
507 3022 548 3086 ad
580 3023 756 3087 exercitum
788 3022 878 3086 venit
904 3021 1154 3088 Atheniensium

145 3107 256 3192 ibique
288 3115 459 3193 praesente
491 3111 589 3196 vulgo
620 3132 714 3197 agere
744 3110 864 3194 coepit:
896 3110 925 3174 ai
953 3109 1088 3194 vellent,
1120 3131 1156 3175 se

146 3201 336 3262 coacturum
350 3197 555 3283 Lysandrum
569 3199 721 3264 dimicare
736 3203 793 3264 aut
811 3220 924 3282 pacem
942 3201 1052 3282 petere
1069 3201 1155 3284 [spo-

144 3285 291 3369 pondit];
308 3283 583 3353 Lacedaemonios
597 3310 635 3352 eo
649 3288 736 3352 nolle
751 3288 853 3352 classe
868 3286 1050 3372 confligere,
1069 3289 1156 3372 quod

110 3373 350 3456 spedesrribus
380 3376 483 3458 copiis
510 3376 584 3459 plus
613 3399 710 3460 quarn
736 3377 874 3440 navibus
901 3375 1061 3460 valerent3
1092 3376 1156 3441 sibi

147 3466 259 3528 autem
277 3483 346 3527 esse
364 3461 460 3528 facilc
481 3461 646 3548 Seuthem,
664 3485 774 3550 regem
791 3463 982 3548 Thraecum,
1000 3464 1156 3528 adducere

146 3555 186 3614 ut
200 3573 274 3616 eum
288 3553 375 3615 terra
393 3551 581 3636 depelleret:
605 3574 669 3636 quo
684 3551 771 3617 facto
785 3553 967 3617 necessario
982 3557 1039 3616 aut
1053 3553 1155 3618 classe

588 3854 712 3892 Α
