2596 3910
446 199 760 256 1111111111.
788 209 813 256 c.
832 209 857 258 1.
925 181 930 193 ’
1114 203 1156 267 11

151 345 206 428 qui
230 345 345 410 ceteris
368 345 627 430 praestitissent,
650 366 705 410 eos
728 346 857 432 magnis
880 345 1027 412 afficeret
1049 369 1158 414 mune

150 432 248 498 ribus.
288 433 339 498 his
363 433 466 518 igitur
488 433 585 498 rebus
609 433 716 498 effecit
738 437 776 498 11
799 437 833 499 11
856 435 1102 500 ornatissimum
1124 440 1158 500 et

150 521 456 587 exercitatissimum
483 520 620 585 haberet
647 521 833 587 exercitum.
877 522 954 588 huic
977 544 1051 588 cum
1078 526 1194 588 tem-a

148 631 208 694 pus
241 613 329 674 esset
360 609 469 675 visum
501 609 610 692 copias
649 609 819 675 extrahere
854 632 893 675 ex
928 609 1158 695 hibernaculis,

148 697 239 781 vidit,
263 698 301 782 si,
325 718 389 780 quo
411 700 498 762 esset
515 697 580 761 iter
597 697 754 782 facturus,
775 699 885 782 palam
903 699 1157 782 pronuntiasset,

148 785 260 850 hostes
275 806 341 850 111
355 785 535 850 credituros
551 785 695 870 aliasque
714 786 863 872 regiones
877 787 1048 870 praesidiis
1068 808 1158 852 occu·

148 877 284 958 paturos
302 893 407 956 neque
427 873 634 939 dubitaturos
654 874 743 939 aliud
761 896 834 939 eum
852 873 1016 940 facturum
1031 896 1068 940 ac
1086 896 1159 959 pro

147 961 341 1026 nuntiasset.
377 961 489 1045 itaque
508 984 582 1027 cum
600 963 656 1027 ille
676 961 786 1027 Sardis
809 963 932 1029 iturum
956 985 990 1028 se
1014 963 1159 1048 dixisset,
1177 977 1193 1027 5

147 1047 381 1132 Tissaphernes
400 1051 535 1115 eandem
550 1049 680 1116 Cariam
698 1049 931 1115 defendendam
948 1053 1086 1135 putavit.
1123 1052 1159 1116 in

149 1159 213 1220 quo
238 1157 311 1200 cum
334 1159 408 1201 eum
431 1138 541 1220 opinio
564 1135 735 1202 fefellisset
756 1138 942 1221 victumque
966 1160 1001 1203 se
1023 1139 1159 1203 vidisset

149 1224 295 1309 consilio,
319 1245 391 1288 sero
415 1225 483 1288 suis
506 1224 669 1307 praesidio
691 1225 857 1308 proiectus
881 1230 939 1290 est.
984 1248 1062 1290 nam
1085 1247 1159 1291 eum

147 1313 206 1376 illo
234 1313 391 1396 venisset,
418 1311 485 1376 iam
511 1310 686 1396 Agesilaus
714 1313 827 1376 multis
854 1313 936 1378 locis
964 1313 1159 1398 expugnatis

147 1421 268 1485 magna
291 1404 362 1465 erat
384 1399 506 1484 praeda
527 1400 663 1484 potitus.
697 1399 784 1466 Laco
804 1405 914 1466 autem
938 1423 1011 1466 cum
1034 1401 1193 1466 videreta

146 1488 259 1553 hostes
274 1489 426 1573 equitatu
444 1509 607 1572 superare,
624 1510 804 1572 numquam
822 1489 857 1553 11
875 1511 990 1573 campo
1010 1490 1061 1554 sui
1080 1489 1160 1554 fecit

146 1580 347 1660 potestatem
371 1581 405 1641 et
427 1577 469 1641 iis
492 1576 574 1642 locis
598 1597 730 1642 manum
750 1579 923 1662 1111111111,
947 1578 1065 1661 quibus
1084 1577 1159 1662 plus

145 1665 313 1747 pedestres
337 1665 449 1748 copiae
472 1665 626 1729 valerent.
663 1665 790 1750 pepulit
808 1687 896 1752 ergo,
920 1666 1159 1749 quotienscum-

147 1773 210 1836 que
233 1772 427 1836 congressus
451 1756 510 1836 est,
532 1753 637 1816 multo
661 1755 801 1819 maiores
825 1755 1085 1820 adversariorum
1108 1775 1159 1818 co·

145 1839 219 1924 pias
243 1843 277 1904 et
300 1839 347 1903 sic
369 1839 405 1902 in
422 1837 503 1903 Asia
525 1843 674 1904 versatus
698 1845 757 1924 est,
779 1845 817 1904 ut
840 1842 986 1906 omnium
1007 1842 1158 1925 opinione

145 1927 252 1992 victor
275 1927 455 1990 duceretur.

235 2013 300 2079 Hie
333 2035 407 2079 cum
439 2014 506 2077 iam
540 2013 648 2078 animo
685 2014 899 2079 meditaretur
930 2015 1093 2099 proficisci
1123 2015 1199 2080 114

146 2102 264 2168 Ρ11111
288 2105 322 2167 11
344 2102 453 2186 ipsum
471 2122 583 2188 regem
601 2101 731 2186 adoriri,
752 2102 888 2167 nuntius
907 2103 937 2167 ei
955 2103 1052 2167 domo
1069 2103 1159 2166 venit

147 2191 343 2276 ephororum
366 2190 478 2274 missu,
502 2189 626 2255 bellum
648 2188 865 2255 Athenienses
889 2193 923 2254 11
945 2189 1089 2255 Boeotos
1111 2191 1158 2254 in·

146 2279 266 2345 dixisse
289 2277 571 2345 Lacedaemoniis:
594 2299 694 2361 quare
717 2279 889 2344 venirene
913 2279 1088 2344 dubitaret.
1124 2277 1193 2344 ins

145 2367 208 2432 hoc
225 2389 292 2432 non
310 2367 417 2432 minus
436 2367 505 2432 eius
523 2367 630 2450 pietas
650 2366 854 2451 suspicienda
868 2371 920 2432 est
937 2388 1035 2451 quam
1053 2367 1158 2432 virtus

147 2455 280 2521 bellica:
305 2456 361 2539 qui
380 2477 454 2522 cum
472 2455 590 2520 victori
612 2459 779 2538 praeesset
795 2455 954 2521 'exercitui
972 2456 1159 2521 maximam·

148 2565 212 2626 que
236 2543 374 2608 haberet
396 2543 548 2609 fiduciam
571 2544 664 2629 regni
686 2543 860 2609 Persarum
882 2544 1041 2628 potiundi,
1065 2547 1160 2609 tanta

148 2630 312 2696 modestia
344 2631 431 2696 dicto
464 2631 596 2697 audiens
628 2631 700 2696 fuit
721 2631 818 2696 iussis
848 2631 1033 2696 absentium
1059 2631 1160 2716 magi·

149 2722 329 2803 stratuum,
359 2723 398 2783 ut
425 2719 453 2784 si
484 2719 632 2804 privatus
663 2720 699 2784 in
731 2719 863 2786 comitio
897 2722 984 2784 esset
1011 2716 1158 2802 Spartae.

148 2807 241 2872 cuius
265 2807 449 2891 exemplum
471 2807 599 2872 utinam
625 2807 838 2892 imperatores
861 2807 968 2872 nostri
991 2805 1083 2888 sequi
1104 2827 1159 2868 1ο-

146 2895 301 2962 111111111
325 2895 381 2960 sed
404 2895 482 2960 illuc
501 2895 678 2960 redeamus.
714 2895 887 2982 Agesilaus
907 2893 1192 2978 opulentissimos

146 3004 248 3070 regno
262 2983 454 3068 praeposuit
467 2984 589 3049 honam
607 2983 882 3048 existimationem
901 2983 1071 3065 multoque
1089 2981 1157 3067 glo

146 3071 266 3137 riccius
290 3072 396 3156 duxit,
419 3072 448 3137 si
470 3071 633 3138 institutis
656 3072 783 3156 patriae
805 3071 984 3155 paruisset,
1007 3091 1105 3154 quam
1128 3070 1157 3134 si
1200 3113 1206 3126 ·

146 3157 234 3224 bello
258 3163 445 3245 superasset
466 3158 589 3226 Asiam
625 3158 687 3225 hac
710 3159 813 3244 igitur
835 3162 943 3223 111111
965 3157 1157 3242 Hellespon·
1175 3173 1193 3221 4

147 3251 219 3314 tum
247 3247 357 3332 copias
385 3248 516 3314 traiecit
543 3251 700 3330 tantaque
723 3266 802 3312 usus
826 3251 877 3312 est
900 3247 1080 3330 celeritate,
1109 3250 1156 3327 ut,

146 3335 234 3423 quod
256 3336 320 3400 1111
338 3334 460 3402 Xerxes
484 3357 568 3402 anno
591 3338 739 3401 vertente
762 3335 955 3420 confecerat,
976 3335 1031 3400 hic
1053 3337 1157 3396 11111·

144 3425 224 3492 11111
251 3423 390 3511 triginta
414 3424 537 3490 dicbus.
569 3445 643 3489 cum
661 3423 727 3490 iam
744 3423 832 3488 haud
850 3424 898 3488 ita
916 3425 1013 3508 longe
1028 3419 1157 3482 abesset
1176 3430 1192 3478 1

144 3537 164 3580 a
187 3513 428 3599 Peloponneso,
457 3512 617 3578 obsistere
645 3512 675 3576 ei
702 3512 812 3577 conati
840 3514 917 3575 sunt
939 3505 1156 3640 Athenienses

960 3614 976 3661 1
