2598 3906
148 232 190 293 14
449 227 483 283 11
503 227 798 318 Τιιιιιιιιεκιοιιιε.Ι
816 235 856 284 10

145 370 250 459 bant),
263 371 479 456 Lampsacum
494 375 611 456 autem,
625 373 829 438 undevinum
844 378 986 438 sumeret
986 373 1161 460 ,taMyun,

146 484 186 526 ex
208 483 272 546 qua
295 461 467 525 obsonium
489 459 634 524 baberet.

233 548 338 614 Huius
367 549 407 612 ad
433 551 581 613 nostram
608 549 800 614 memoriam
827 554 1037 616 monumenta
1064 573 1154 616 man·

1253 369 1257 376 y

146 641 259 702 serunt
282 637 359 701 duo:
383 637 567 720 sepulerum
589 657 689 719 prope
713 637 876 721 oppidum,
899 638 934 703 in
953 659 1017 722 quo
1037 643 1088 703 est
1106 661 1155 706 se·
1286 671 1287 678 ι

111 744 127 792 ι,
144 727 265 810 pultus,
285 729 394 789 statua
412 725 447 788 in
464 723 536 788 foro
551 722 746 810 Magnesiae.
779 725 819 789 de
837 726 928 790 ouius
948 731 1054 791 morte
1073 728 1154 791 mul·

145 814 277 879 timedis
301 812 386 896 apud
408 813 581 895 plerosque
604 812 763 895 scriptum
781 814 921 897 est,tsed
938 835 999 878 nos
1019 815 1155 880 eundem

144 901 352 985 potissimum
365 898 586 983 Thucydidem
600 903 767 964 auctorem
785 902 972 986 probamus,
991 923 1047 985 qur
1037 902 1157 966 illum

145 989 193 1052 ait
222 987 410 1072 Magnesiae
443 988 556 1052 morbo
589 1009 660 1052 mor
662 992 755 1052 tuum
786 1009 890 1088 neque
922 993 1022 1075 negat
1053 989 1157 1055 fuisse
1286 1031 1287 1040 .

144 1077 276 1159 famam,
298 1097 457 1140 venenum
479 1097 539 1140 sua
562 1079 678 1159 sponte
701 1077 887 1159 sumpsisse,
910 1098 984 1142 cum
1005 1099 1050 1161 se,
1073 1099 1155 1162 quae

145 1165 216 1250 regi
239 1165 278 1228 de
298 1162 435 1228 Graecia
454 1163 664 1248 opprimenda
685 1164 812 1247 pollicit
813 1186 852 1228 us
871 1169 967 1248 esset,
989 1170 1156 1249 praestare

111 1271 126 1318 5
145 1273 241 1336 posse
271 1252 466 1336 desperaret.
511 1252 598 1316 idem
621 1273 697 1316 ossa
720 1252 788 1316 eius
812 1253 928 1318 olam
919 1275 954 1316 ιιι
976 1253 1023 1316 At
1009 1255 1090 1318 ttica
1113 1255 1156 1317 ab

147 1341 259 1406 amicis
275 1341 411 1424 sepulta,
426 1341 579 1425 quoniam
592 1340 720 1426 legibus
734 1362 800 1405 non
814 1340 1052 1423 concederetur,
1067 1341 1156 1424 quod
1286 1351 1287 1364 ¹

146 1429 339 1512 proditionis
363 1433 450 1493 esset
472 1428 653 1511 damnatus,
676 1428 851 1491 memoriae
873 1426 1026 1509 prodidit.

476 1727 540 1800 ΙΙΙ.
568 1726 827 1800 salemone.

109 1870 125 1930 l
234 1864 411 1948 Aristides,
433 1863 621 1950 Lysimachi
642 1865 813 1950 filius,t
766 1865 988 1950 Atheniensis,
1013 1867 1156 1952 aequalis

145 1953 212 2018 lere
235 1953 299 2018 fuit
317 1951 466 2018 Themist
467 1954 588 2018 oclit
554 1959 651 2038 atque
670 1977 744 2020 cum
762 1975 801 2019 eo
820 1954 859 2019 de
877 1917 1066 2039 principatu
1085 1977 1157 2020 con-

111 2041 266 2108 stendit:
306 2063 446 2127 namque
470 2043 696 2108 obtrectarunt
719 2044 769 2108 int
771 2065 805 2108 er
828 2065 871 2108 se.
916 2043 951 2108 in
972 2043 1024 2108 his
1048 2047 1157 2108 autem
1286 2037 1287 2048 ’

147 2132 260 2232 cognit
260 2153 316 2196 um
344 2135 409 2215 est,
437 2135 559 2215 quanto
588 2135 768 2196 antestaret
795 2131 1017 2212 eloquentia
1008 2151 1157 2194 mnoccn-

146 2219 221 2282 tiae
267 2240 464 2300 quamquam
487 2221 574 2282 enim
596 2219 676 2283 adeo
699 2218 878 2282 excellebat
900 2215 1062 2279 Aristides
1086 2216 1157 2280 abs-

147 2305 300 2386 tinentia,
332 2308 369 2366 ut
397 2325 479 2367 unus
511 2309 588 2386 post
621 2305 790 2368 hominum
822 2303 1029 2386 memoriam,
1060 2323 1156 2386 quem
1286 2353 1287 2358 η

148 2392 278 2476 quidem
296 2411 359 2454 nos
383 2389 594 2474 audierimus,
622 2390 814 2475 cognomine
842 2388 952 2454 Iustus
980 2353 1029 2454 sit'
1049 2391 1156 2475 appel·

146 2480 248 2562 latus,
275 2481 385 2542 tamen
408 2499 427 2541 a
449 2475 668 2542 Themistocle
692 2476 885 2542 collabefact
871 2481 924 2541 tus
948 2481 1015 2542 test
1000 2478 1071 2543 tula
1100 2479 1157 2544 illa

112 2567 244 2632 aexilio
267 2565 378 2629 dacem
401 2585 559 2629 annorum
582 2565 701 2628 multat
652 2569 740 2629 tatus
759 2569 819 2629 est
858 2566 914 2649 qui
933 2566 1064 2650 quidem
1083 2588 1157 2631 cum
1286 2567 1287 2644 ]

146 2654 352 2739 intellegeret
365 2653 498 2737 reprimi
512 2654 709 2717 concitatam
719 2653 815 2718 multi
816 2653 963 2719 tudinem
971 2676 1039 2720 non
1051 2676 1157 2738 posse,

147 2741 326 2825 cedensque
345 2741 628 2806 animadvertisset
647 2741 808 2824 quendam
822 2743 1029 2826 scribentem,
1047 2747 1085 2807 ut
1103 2764 1157 2827 pa·
1286 2781 1287 2790 .

147 2831 213 2896 tria
229 2829 414 2916 pelleretur,
433 2830 597 2913 quaesisse
611 2829 653 2893 ab
667 2851 706 2894 eo
725 2829 805 2895 dicit
790 2834 853 2914 tur,
872 2851 971 2914 quare
985 2831 1018 2893 id
1036 2829 1159 2894 faceret

148 2924 206 2984 aut
221 2919 298 3001 quid
311 2916 473 2981 Aristides
488 2917 715 3000 commisisset,
734 2939 792 2981 aur
810 2921 904 2982 tanta
921 2937 1028 3001 poena
1041 2917 1157 3002 dignus

113 3007 326 3071 educeretur.
372 3002 424 3068 cui
453 3003 508 3066 ille
538 3005 707 3087 respondit
736 3026 771 3069 se
801 3006 954 3092 ignorare
982 3005 1159 3090 Aristiden,

148 3093 204 3158 sed
227 3091 291 3156 sibi
313 3111 380 3156 non
402 3091 543 3176 placere,
567 3092 653 3176 quod
676 3096 746 3158 tam
768 3094 883 3178 cupide
906 3093 1099 3178 laborasset,
1121 3098 1158 3158 ut

113 3183 278 3266 epraeter
301 3183 426 3245 ceteros
449 3179 560 3244 Iustus
584 3181 812 3266 appellaretur
851 3182 905 3247 hie
929 3182 1040 3246 decem
1063 3203 1159 3246 anno·

147 3291 220 3334 rum
243 3267 334 3354 legit
325 3289 425 3332 imam
447 3290 586 3354 poenam
608 3291 675 3335 non
696 3270 843 3354 pertulit.
883 3291 961 3335 nam
983 3273 1160 3354 postquam
1286 3289 1287 3298 ¹

148 3356 270 3421 Xerxes
294 3357 329 3422 in
353 3354 523 3422 Graeciam
545 3357 721 3443 descendit,
745 3363 837 3423 sexto
860 3358 928 3423 fera
952 3379 1038 3423 anno
1062 3379 1160 3443 quam
1286 3399 1287 3440 ι

149 3449 219 3510 erat
242 3446 409 3530 expulsus,
436 3446 549 3530 populi
577 3447 660 3512 scito
683 3447 718 3512 in
739 3448 882 3531 patriam
905 3448 1078 3512 restitutus
1101 3450 1159 3510 est.
1286 3479 1287 3484 ι

115 3535 136 3600 2
238 3531 393 3598 Interfuit
425 3538 535 3598 autem
566 3555 694 3621 pugnae
725 3537 835 3601 navali
867 3537 953 3622 apud
986 3533 1159 3620 Salamina,
