2598 3906
160 208 203 270 42
523 208 556 262 X.
576 205 672 262 DION.
702 212 725 260 9.
748 211 788 260 10.

160 351 346 416 viderentur
369 352 486 416 venire.
519 352 542 416 ii
561 355 696 436 propter
713 350 867 416 notitiam
885 353 962 414 sunt
979 349 1171 416 intromissi.

126 443 197 504 sat
219 439 308 504 illius
330 445 369 504 ut
391 440 492 505 limen
509 440 681 523 intrarant,
704 438 829 504 foribus
853 437 1013 502 obseratis
1032 439 1170 504 inlecto

162 529 335 593 cubantem
358 527 528 611 invadunt,
561 527 733 612 colligant:
766 527 805 591 fit
827 525 998 610 strepitus,
1030 526 1110 592 adeo
1135 531 1172 592 ut

125 616 306 681 sexaudiri
333 619 447 700 posset
473 615 562 680 foris.
606 614 675 698 hic,
707 615 792 680 sicut
820 618 896 679 ante
924 636 1020 698 saepe
1048 615 1172 682 dictum

161 709 221 788 est,
245 725 343 787 quam
366 703 471 768 invisa
494 703 539 768 sit
561 703 737 789 singularis
760 702 909 787 potentia
931 706 965 767 et
987 703 1172 768 miseranda

161 793 243 875 vita,
271 793 327 875 qui
350 813 385 856 se
408 791 510 856 metui
534 812 632 874 quam
655 792 758 855 amari
781 792 921 875 malunt,
951 791 1052 856 cuivis
1076 790 1171 857 facile

127 896 143 943 a
161 879 331 944 intellectu
354 877 426 944 fuit.
462 900 602 962 namque
624 879 675 942 illi
697 879 762 963 ipsi
785 879 945 963 custodes,
969 879 997 943 si
1019 885 1172 964 prompta

160 967 301 1031 fuissent
327 967 510 1049 voluntate,
537 966 662 1032 foribus
691 966 832 1032 effractis
861 988 990 1032 servare
1013 989 1086 1032 eum
1115 990 1172 1052 po·

161 1054 315 1138 tuissent,
348 1055 454 1138 quoad
485 1055 535 1119 illi
567 1055 706 1120 inermes
736 1055 839 1120 telum
870 1054 951 1119 foris
983 1055 1172 1142 flagitantes

160 1142 270 1206 vivum
302 1143 465 1208 tenebant.
512 1143 564 1208 cui
597 1165 670 1209 eum
702 1147 904 1208 succurreret
935 1165 1050 1228 nemo,
1082 1142 1171 1228 Lyco

162 1230 294 1314 quidam
314 1229 536 1315 Syracusanus
555 1254 613 1316 per
631 1231 808 1297 fenestram
827 1231 972 1318 gladium
990 1231 1088 1316 dedit,
1108 1253 1172 1316 quo

160 1317 249 1384 Dion
271 1319 462 1386 interfectus
486 1324 546 1385 est.
660 1393 662 1398 ,

113 1407 153 1474 10
251 1405 409 1474 Confecta
432 1409 537 1492 caedo,
560 1431 634 1473 oum
656 1408 832 1472 multitudo
856 1407 980 1472 visendi
998 1408 1108 1491 gratia
1126 1408 1173 1472 in-

162 1497 311 1579 troisset,
342 1497 490 1561 nonnulli
519 1497 560 1560 ab
589 1495 700 1559 insciis
727 1517 786 1578 pro
814 1493 920 1558 noxiis
949 1493 1173 1560 conciduntur.

161 1605 239 1647 nam
262 1584 359 1647 celeri
381 1605 510 1647 rumore
534 1583 650 1664 dilato,
677 1581 776 1646 Dioni
805 1582 871 1646 vim
899 1580 1048 1664 allatam,
1075 1585 1174 1648 multi

162 1674 402 1751 concurrerant,
426 1670 543 1752 quibus
567 1670 633 1734 tale
656 1669 782 1734 facinus
805 1669 1009 1752 displicebat.
1045 1670 1070 1734 ii
1088 1669 1174 1736 falsa

162 1757 346 1840 suspicione
378 1758 467 1821 ducti
499 1758 706 1822 immerentes
737 1762 776 1823 ut
808 1757 984 1823 sceleratos
1012 1758 1172 1824 occidunt.

127 1860 143 1908 2
161 1845 258 1909 huius
277 1844 316 1909 de
335 1850 440 1910 morte
458 1849 496 1910 ut
514 1845 624 1929 palam
646 1845 848 1930 factumest,
870 1845 1066 1911 mirabiliter
1081 1847 1171 1932 uulgi

162 1937 291 1998 mutata
314 1938 365 1998 est
388 1935 549 1999 voluntas.
585 1956 662 1998 nam
685 1934 741 2018 qui
764 1935 874 2000 vivum
897 1956 972 1999 eum
995 1939 1170 2018 tyrannum

163 2023 360 2108 vocitarunt,
390 2023 494 2088 eidem
521 2022 732 2088 liberatorem
754 2024 881 2107 patriae
904 2022 1098 2106 tyrannique
1122 2046 1172 2088 ex·

162 2113 328 2196 pulsorem
355 2111 596 2196 praedicabant.
642 2112 689 2198 sic
713 2112 822 2176 subito
853 2110 1075 2176 misericordia
1098 2111 1172 2175 odio

163 2205 376 2283 successerat,
408 2205 445 2264 ut
473 2222 546 2264 eum
574 2221 632 2263 suo
661 2200 817 2283 sanguine
846 2199 886 2261 ab
915 2197 1116 2282 Acherunte,
1145 2199 1173 2262 si

128 2291 310 2370 apossent,
341 2291 495 2369 cuperent
522 2287 688 2350 redimere.
733 2286 844 2368 itaque
874 2284 909 2348 in
931 2285 1011 2349 urbe
1035 2285 1173 2352 celeber·

163 2375 246 2437 rimo
265 2374 347 2456 loco,
370 2373 475 2436 elatus
493 2373 633 2457 publice,
651 2372 792 2455 sepulcri
807 2376 1018 2437 monumento
1033 2372 1173 2439 donatus

163 2464 222 2524 est.
267 2459 353 2524 diem
382 2459 465 2523 obiit
499 2459 629 2523 circiter
661 2481 762 2524 annos
796 2460 1034 2545 quinquaginta
1067 2466 1174 2546 natus,

164 2551 316 2631 quartum
339 2551 415 2632 post
438 2569 571 2632 annum,
600 2568 698 2630 quam
725 2570 765 2613 ex
787 2547 1012 2632 Peloponneso
1036 2550 1071 2614 in
1095 2548 1173 2616 Sici-

163 2635 242 2701 liam
264 2635 412 2701 redierat.
885 2633 889 2642 “

473 2939 534 3009 XI.
561 2937 858 3011 IPHIORATES.

133 3077 148 3140 l
253 3075 434 3159 Iphicrates
458 3073 668 3140 Atheniensis
691 3097 758 3140 non
788 3081 858 3140 tam
881 3074 1103 3161 magnitudine
1126 3099 1173 3141 re·

164 3185 237 3227 rum
257 3167 422 3247 gestarum
442 3184 539 3245 quam
558 3163 730 3246 disciplina
749 3164 886 3228 militari
904 3164 1098 3228 nobilitatus
1114 3168 1172 3228 est.

165 3250 229 3315 fuit
257 3251 342 3314 enim
371 3250 447 3314 talis
475 3250 552 3334 dux,
579 3253 705 3315 utnon
728 3251 834 3316 solum
857 3252 975 3316 aetatis
1000 3273 1075 3315 suae
1100 3274 1172 3316 cum

164 3338 279 3424 primis
295 3341 547 3422 compararetur,
570 3338 626 3402 sed
643 3360 684 3403 ne
703 3339 742 3403 de
756 3339 934 3403 maioribus
948 3342 1028 3403 natu
1043 3340 1170 3422 quidem

130 3427 338 3510 aquisquam
366 3429 625 3509 anteponeretur.
671 3427 811 3490 multum
837 3447 913 3491 vero
944 3427 978 3490 in
1007 3427 1094 3490 bello
1122 3431 1171 3491 est

166 3519 328 3599 versatus,
361 3534 456 3597 saepe
484 3514 678 3579 exercitibus
706 3513 860 3598 praefuit,
890 3535 1050 3596 nusquam
1077 3513 1170 3596 culpa
