2598 3906
497 233 544 288 IX.
564 232 696 290 GONON.
725 239 749 290 t.
763 237 790 289 4.
1109 233 1151 296 35

234 376 406 443 Defecerat
428 399 449 442 a
466 397 543 462 rege
561 375 804 462 Tissaphernes,
825 397 929 461 neque
952 375 986 440 id
1008 380 1078 441 tam
1093 375 1152 442 Ar
1170 376 1192 444 3

146 466 270 531 taxerxi
307 487 405 549 quam
441 464 559 530 ceteris
596 469 666 528 erat
702 468 869 549 apertum:
910 463 1024 529 multis
1065 464 1152 530 enim

29 577 30 582 ¹
145 554 337 640 magnisque
360 553 487 618 meritis
512 551 597 636 apud
619 573 743 638 regem,
766 553 866 617 etiam
889 574 963 618 cum
985 552 1020 617 in
1043 550 1151 617 officio

20 689 28 703 .
145 664 210 707 non
228 645 384 726 maneret,
401 641 540 706 valebat
575 662 679 724 neque
697 640 731 705 id
750 644 820 705 erat
834 641 1026 724 mirandum,
1045 640 1153 704 sinon

144 729 239 795 facile
263 731 303 795 ad
327 729 519 794 credendum
542 729 769 813 adducebatur,
792 729 1002 794 reminiscens
1025 727 1094 792 eius
1118 749 1152 792 se

4 808 26 909 J,
145 839 243 903 opera
280 816 402 901 Cyrum
442 817 578 882 fratrem
614 839 792 902 superasse.
843 817 940 882 huius
982 815 1188 883 accusandis

144 908 252 993 gratia
276 903 389 971 Conon
413 927 432 970 ι
452 904 663 970 Pharnabazo
687 905 727 970 ad
750 926 860 992 regem
883 906 1002 970 missus
1025 909 1153 989 postea-

12 1043 22 1084 3
145 1016 243 1078 quam
257 994 356 1077 venit,
373 993 515 1077 primum
529 1015 568 1058 ex
582 1015 672 1058 more
686 993 860 1059 Persarum
875 994 915 1058 ad
930 993 1153 1078 chiliarchum,

4 1093 20 1174 l*
145 1083 202 1166 qui
231 1081 406 1146 secundum
436 1083 573 1166 gradum
604 1082 732 1166 imperii
763 1083 910 1166 tenebat,
941 1081 1154 1147 Tithrausten

4 1228 19 1262 ,Κ
145 1170 283 1235 ιιιιιιιι
306 1191 403 1252 seque
427 1170 572 1234 ostendit
594 1191 668 1233 cum
690 1190 766 1254 rega
790 1170 931 1253 colloqui
954 1169 1045 1234 velle.
1075 1169 1187 1236 huioa

4 1313 17 1342 „
144 1258 201 1322 ille
226 1257 337 1322 nulla'
361 1256 501 1340 inquit
503 1279 596 1321 mora
624 1260 687 1340 est,
717 1257 772 1321 sed
800 1260 837 1321 tu
860 1257 1015 1340 delibera,
1042 1261 1153 1320 utrum

4 1344 17 1423 ἶ,
145 1346 286 1429 colloqui
305 1345 400 1409 malis
419 1365 537 1428 anper
555 1345 683 1409 litteras
707 1365 802 1430 agere
826 1366 907 1428 quae
931 1307 1066 1428 cogitas.
1101 1365 1154 1408 ne

4 1432 14 1502 Ϊ
144 1455 234 1499 cesse
257 1437 308 1498 est
332 1434 428 1518 enim,
450 1433 479 1497 si
502 1433 537 1496 in
560 1436 771 1517 conspectum
794 1433 928 1517 veneris,
950 1431 1097 1497 venerari
1119 1435 1153 1496 te

144 1543 255 1608 regem
288 1522 388 1604 [quod
424 1521 634 1600 προικύνηιιν
670 1521 720 1585 illi
753 1523 885 1602 vocant]
919 1483 1032 1606 (nemo
1066 1519 1153 1584 enim

145 1610 225 1675 sine
236 1610 299 1675 hoc
322 1609 468 1674 admittit
453 1606 531 1695 tur)
576 1609 689 1674 hoc
663 1631 691 1674 ιι
714 1609 777 1674 tibi
805 1630 903 1696 grave
927 1611 992 1692 eat,
1020 1629 1078 1692 per
1101 1629 1152 1673 me

7 1735 8 1742 ι
143 1697 247 1763 nihilo
280 1698 382 1762 setius
414 1697 511 1762 editis
543 1697 705 1762 mandatis
736 1698 887 1763 coniicias
911 1659 1052 1782 quodi
1020 1695 1152 1761 stffudes

144 1790 216 1850 tum
235 1784 349 1851 Conon
366 1785 461 1849 mihi
475 1807 555 1850 ιιιο
557 1785 721 1870 ’inquit
722 1808 790 1851 non
812 1789 863 1850 est
885 1805 984 1887 grava
1006 1785 1151 1868 quemvis
1171 1802 1188 1852 ι

144 1874 302 1938 honorem
323 1873 443 1938 habere
466 1874 545 1958 regi,
569 1874 624 1938 sed
647 1895 760 1938 vercor
781 1896 822 1939 ne
845 1873 972 1940 civitati
995 1894 1084 1938 meae
1109 1873 1153 1938 ιιι

145 1960 335 2046 opprobrio,
366 1961 407 2044 si,
430 1981 503 2024 cum
527 1981 565 2024 ox
588 1981 626 2025 ea
649 1962 711 2025 sim
733 1961 908 2045 profectus,
931 1981 1013 2044 quae
1037 1961 1152 2026 ceteris

145 2048 328 2136 gentibus
318 2068 478 2132 imperare
497 2048 671 2132 consuerit,
692 2049 804 2132 potius
821 2049 1036 2112 barbarorum
1056 2069 1153 2130 quam

144 2137 234 2202 illius
259 2158 348 2201 more
371 2134 511 2220 fungar?
543 2136 653 2219 itaque
678 2157 759 2219 quae
782 2136 914 2200 volabat
936 2135 1013 2200 huic
1032 2135 1153 2218 scripta

144 2225 287 2290 tradidit.

233 2313 358 2390 Quibus
382 2312 523 2398 cognitis
546 2333 603 2377 rex
625 2315 755 2377 tantum
778 2312 974 2377 auctoritate
998 2311 1067 2384 eius
1086 2333 1152 2376 mo·
1171 2312 1193 2380 4

144 2407 198 2466 ιιι
221 2406 285 2486 ιιι,
311 2405 350 2466 ut
373 2405 406 2466 et
428 2399 678 2502 Tissaphernem
705 2401 835 2466 hostem
862 2399 1015 2466 iudicarit
1037 2404 1071 2465 ct
1093 2398 1153 2466 Ira

145 2489 368 2555 ccdaemonios
395 2489 483 2554 bello
510 2489 661 2573 persequi
689 2489 821 2554 iusserit
848 2493 882 2553 et
909 2489 939 2552 ei
966 2488 1153 2572 permiserit

145 2599 241 2660 quem
268 2577 367 2642 vellet
394 2576 513 2662 eligere
542 2576 582 2640 ad
614 2576 863 2677 dispensandam
894 2576 1074 2677 pecuniam.
1118 2576 1153 2641 id

145 2665 320 2729 arbitrium
343 2661 456 2728 Oonon
477 2663 610 2749 negavit
634 2664 684 2728 sui
707 2685 777 2728 esse
801 2663 938 2747 consilii,
961 2664 1048 2728 sed
1038 2664 1153 2748 rpsius,

140 2752 201 2837 qui
225 2752 346 2836 optime
370 2771 446 2815 suos
468 2771 564 2815 nosse
588 2750 732 2835 deberet,
760 2750 816 2814 sed
839 2771 873 2814 se
896 2751 1030 2815 suadere
1052 2750 1152 2816 Phar-

144 2840 269 2905 nabazo
291 2839 325 2903 id
347 2838 472 2924 negotii
495 2837 596 2902 daret.
636 2837 712 2902 hinc
735 2837 863 2922 magnis
887 2837 1075 2903 muneribus
1099 2838 1152 2903 do·
1171 2856 1187 2905 ι

143 2934 240 2995 natus
265 2928 305 2993 ad
327 2948 416 2992 mare
439 2930 490 2992 est
513 2926 642 3010 missus,
664 2929 702 2990 ut
726 2924 854 3011 Cypriis
878 2930 911 2992 et
934 2924 1152 2992 Phoenicibus

144 3017 324 3101 ceterisque
356 3015 530 3082 maritimis
559 3014 748 3081 civitatibus
775 3035 873 3079 nares
905 3015 1021 3100 longas
1054 3014 1153 3100 impe·

144 3109 233 3170 raret
265 3105 483 3188 classemque,
515 3124 579 3187 qua
609 3104 758 3187 proxima
790 3105 914 3168 aestate
947 3124 1035 3168 mare
1066 3105 1152 3168 tueri

144 3197 270 3276 posset,
298 3196 513 3276 compararet,
543 3191 619 3255 dato
643 3191 790 3256 adiutore
813 3189 1038 3277 Piramabazo,
1067 3193 1153 3258 sicut

144 3281 215 3364 ipse
248 3281 403 3344 soluerat.
447 3281 479 3344 id
510 3283 548 3344 ut
577 3278 840 3344 Lacedaemoniis
873 3284 924 3344 est
954 3279 1187 3364 nuntiatum,s

144 3389 210 3433 ιιοιι
233 3367 301 3432 sina
325 3389 493 3432 curarem
516 3367 759 3451 administrant,
790 3369 876 3450 quod
899 3368 1005 3432 maius
1027 3368 1153 3431 bellum

144 3456 312 3522 imminere
336 3455 587 3538 arbitrabantur,
611 3476 708 3538 quam
734 3456 762 3520 si
785 3476 859 3521 cum
881 3456 1022 3520 barbaro
1046 3455 1153 3518 solum

144 3544 384 3610 contenderent.
415 3564 492 3608 narn
514 3543 628 3608 ducem
650 3543 770 3608 fortem
791 3549 821 3608 ct
841 3544 1034 3628 prudentem
1053 3541 1152 3627 regiis

956 3643 993 3694 g*

1054 3762 1217 3864 A
