2598 3906
440 239 487 295 IV.
507 240 719 296 PAUSANIAS.
748 249 826 299 a-c.
1094 246 1134 308 17

127 380 262 466 cognita
284 381 423 447 alacrior
445 385 487 448 ad
509 406 579 448 rem
601 386 776 470 gerendam
798 386 905 451 factus
929 388 964 452 in
982 389 1136 473 suspicio·

127 490 202 532 nem
226 469 342 534 cecidit
360 468 698 538 Lacedaemoniorum.
735 495 799 557 quo
822 473 910 540 facto
934 475 1066 540 domum
1088 499 1135 542 re·

127 560 271 640 vocatus,
296 562 468 626 accusatus
491 559 608 643 capitis
631 561 821 646 absolvitur,
845 563 1003 628 multatur
1026 567 1136 628 tamen

126 645 272 728 pecunia,
296 666 393 728 quarn
412 646 454 710 ob
469 668 601 712 causam
615 649 656 712 ad
670 649 807 714 classem
820 649 975 715 remissus
993 673 1061 716 non
1075 655 1133 716 est.

214 732 262 796 At
284 731 340 796 ille
362 737 439 816 post
461 757 528 800 non
550 736 653 801 multo
677 758 737 801 sua
759 741 876 820 sponte
899 738 940 803 ad
958 739 1134 804 exercitum
1153 741 1173 805 3

127 821 224 884 rediit
246 823 281 884 et
303 819 350 884 ibi
371 843 439 885 non
456 823 584 907 stolida,
607 825 664 889 sed
686 825 828 892 dementi
845 826 971 890 ratione
990 827 1135 912 cogitata

126 907 296 992 patefecit:
327 909 502 974 nonenim
524 933 632 978 mores
653 913 779 996 patrios
803 914 922 998 solum,
950 915 1007 979 sed
1034 915 1134 978 etiam

126 997 252 1060 cultum
266 995 484 1081 vestitumque
498 1001 647 1066 mutavit.
684 1005 843 1084 apparatu
861 1001 951 1087 regio
970 1002 1133 1087 utebatur,
1153 1021 1168 1068 a

126 1088 216 1148 veste
234 1082 374 1168 Medica;
396 1086 555 1152 satellites
574 1087 662 1152 Medi
679 1092 713 1152 et
725 1088 882 1175 Aegyptii
901 1091 1134 1174 sequebantur,

127 1172 321 1254 epulabatur
343 1193 433 1238 more
455 1173 629 1240 Persarum
651 1176 857 1261 luxuriosius,
881 1198 979 1261 quam
1002 1177 1134 1261 quiad-

125 1263 220 1324 erant
238 1259 365 1343 perpeti
379 1265 527 1345 possent,
550 1262 675 1326 aditum
688 1264 876 1346 petentibus
892 1265 1131 1344 [conveniundi]
1152 1284 1167 1332 a

124 1369 191 1411 non
214 1347 322 1430 dabat,
345 1349 483 1430 superbe
501 1350 726 1434 respondebat,
749 1351 923 1416 crudeliter
942 1351 1133 1435 imperabat.

6 1501 9 1506 ,
126 1434 280 1518 Spartam
307 1435 412 1500 redire
438 1437 586 1522 nolebat,
618 1435 772 1522 (lolonas,
800 1439 856 1522 qui
883 1439 973 1504 locus
995 1439 1031 1502 in
1053 1460 1132 1524 agro

124 1523 250 1588 Troade
278 1527 341 1606 est,
373 1545 408 1588 se
436 1526 633 1610 contulerat;
664 1525 711 1590 ibi
738 1527 875 1592 consilia
904 1549 978 1592 cum
1006 1527 1132 1610 patriae

125 1615 196 1676 tum
215 1611 279 1676 sibi
297 1610 429 1677 inimica
447 1613 605 1697 capiebat.
641 1613 675 1678 id
691 1617 867 1698 postquam
885 1613 1132 1680 Lacedaemonii
1150 1634 1167 1681 4

125 1700 313 1783 rescierunt,
335 1699 463 1784 legatos
482 1723 556 1766 cum
575 1701 667 1766 clava
684 1703 725 1767 ad
743 1723 818 1768 eum
833 1703 1001 1786 miserunt,
1019 1703 1054 1766 in
1068 1724 1133 1786 qua

36 1861 45 1875 f
124 1810 214 1853 more
237 1788 369 1852 illorum
387 1793 458 1852 erat
477 1789 649 1872 scriptum:
671 1790 736 1854 nisi
757 1790 889 1854 domurn
907 1794 1131 1874 reverteretur,

35 1917 38 1922 -
125 1897 159 1940 se
190 1875 306 1958 capitis
336 1895 410 1938 eum
441 1877 659 1942 damnaturos.
703 1877 766 1943 hoc
792 1879 908 1943 nuntio
940 1883 1166 1962 commotus,c

125 1984 259 2048 sperans
278 1983 313 2025 se
332 1961 503 2026 etiamtum
521 1964 659 2047 pecunia
677 1969 711 2028 et
730 1966 879 2048 potentia
900 1966 1026 2029 instans
1049 1966 1132 2049 peri·

124 2052 234 2118 culum
256 2070 352 2132 posse
380 2050 552 2134 depellere,
580 2051 712 2114 domum
738 2051 843 2116 rediit.
887 2052 951 2116 huc
973 2055 1012 2136 ut
1033 2053 1131 2131 venit,

125 2142 166 2204 ab
190 2137 320 2222 ephoris
343 2137 378 2200 in
401 2137 507 2202 vincla
528 2137 661 2222 publica
679 2142 729 2202 est
748 2138 926 2205 coniectus:
948 2139 1026 2202 licet
1045 2138 1131 2202 enim

11 2271 12 2275 =
123 2225 252 2314 legibus
282 2247 394 2290 eorum
424 2226 526 2290 cuivis
557 2225 679 2308 ephoro
708 2226 771 2292 hoc
799 2225 905 2292 facere
931 2227 1010 2311 regi.
1055 2226 1131 2292 hinc

6 2387 9 2392 ,
123 2322 234 2380 tamen
251 2336 286 2378 se
305 2313 476 2398 expedivit,
494 2335 598 2399 neque
613 2335 650 2379 eo
665 2315 770 2400 magis
785 2315 917 2380 carebat
933 2314 1130 2398 suspicione:

122 2427 199 2469 nam
218 2403 327 2486 opinio
346 2403 500 2466 manebat
519 2424 593 2467 eum
611 2425 685 2466 cum
703 2423 779 2488 rege
795 2402 915 2468 habere
931 2402 1129 2468 societatem.

124 2497 174 2558 est
197 2513 299 2577 genus
323 2490 484 2573 quoddam
510 2491 694 2574 hominum,
721 2491 807 2574 quod
829 2489 963 2556 Hilotae
986 2494 1129 2574 vocatur,
1149 2511 1165 2558 c

124 2602 261 2665 quorum
275 2599 394 2662 magna
407 2578 583 2644 multitudo
598 2599 695 2664 agros
706 2577 1036 2644 Lacedaemoniorum
1050 2579 1131 2643 colit

124 2687 354 2748 servorumque
386 2687 518 2730 munere
550 2667 706 2751 fungitur.
757 2667 818 2730 hos
851 2688 979 2750 quoque
1012 2667 1129 2750 sollici-

123 2762 194 2822 tare
224 2775 281 2836 spe
312 2752 476 2816 libertatis
506 2753 764 2818 existimabatur.
810 2753 866 2818 sed
895 2755 982 2836 quod
1012 2755 1163 2819 harumr

122 2865 231 2910 rerum
253 2841 380 2906 nullum
403 2845 474 2904 erat
497 2845 646 2924 apertum
669 2840 799 2923 crimen,
823 2861 887 2923 quo
906 2841 1039 2926 coargui
1057 2862 1130 2924 pos-

121 2937 182 3017 set,
199 2953 266 2997 non
282 2929 446 3014 putebant
463 2929 502 2992 de
521 2929 582 2994 tali
600 2933 732 3012 tamque
751 2928 838 2993 claro
853 2928 923 2992 viro
941 2928 1130 3010 suspicioni·

122 3023 183 3086 bus
206 3023 357 3104 oportere
384 3017 521 3082 iudicari
549 3021 583 3082 et
605 3017 871 3100 exspectandum,
900 3016 978 3079 dum
1001 3037 1035 3080 se
1058 3016 1129 3100 ipsa

123 3131 173 3174 res
197 3108 346 3192 aperiret.

209 3195 347 3260 Interim
379 3193 525 3280 Argilius
558 3194 690 3277 quidam
722 3192 983 3256 adulescentulus
990 3243 999 3276 ,
1031 3194 1168 3276 quem4

122 3304 258 3368 puerum
280 3281 458 3347 Pausanias
483 3303 592 3346 amore
615 3282 745 3345 venerio
768 3281 937 3365 dilexerat,
967 3302 1041 3345 cum
1063 3281 1128 3363 epi-

122 3371 243 3437 stulam
262 3371 302 3434 ab
322 3392 360 3434 eo
379 3370 419 3433 ad
433 3369 633 3436 Artabazum
652 3369 829 3453 accepisset
852 3369 945 3453 eique
967 3369 1002 3432 in
1025 3368 1128 3450 suspi-

122 3461 248 3527 cionem
274 3459 417 3522 venisset
448 3459 571 3541 aliquid
602 3458 638 3522 in
664 3481 702 3523 ea
729 3458 767 3522 de
796 3479 829 3522 se
857 3478 927 3520 esee
960 3457 1127 3538 scriptum,

122 3548 208 3633 quod
237 3568 334 3611 nemo
367 3567 479 3610 eorum
510 3547 660 3631 redisset,
693 3547 749 3629 qui
782 3548 893 3628 [super
925 3545 984 3607 tali
1016 3544 1126 3622 causa]

174 3659 311 3701 cosumus
325 3659 413 3699 Nares.
951 3650 967 3698 ἱ
