2596 3910
129 209 172 272 90
423 205 524 262 xxm.
545 206 742 263 HANNIBAL.
770 213 793 262 a.
813 213 838 262 a.

130 374 209 436 pore
233 351 310 417 dato
334 352 415 416 adiit
438 352 479 416 ad
501 373 624 438 regem,
652 353 745 436 eique
774 374 847 418 cum
873 352 978 417 multa
1008 353 1047 418 16
1074 353 1142 419 fide

130 461 191 504 sua
209 444 243 504 et
261 441 335 506 odio
353 441 389 505 in
401 439 568 506 Romanos
583 444 878 524 commemorasset,
899 441 962 506 hoc
976 441 1141 506 adiunxit:

130 528 236 611 ‘pater
273 527 376 593 meus’
408 529 530 612 inquit*
548 527 726 593 ‘Hamilcar
763 529 898 612 puerulo
925 550 990 612 me,
1020 533 1141 613 utpote

130 638 198 681 non
225 617 364 700 amplius
393 637 510 681 novem
537 637 639 680 annos
671 620 758 700 nato,
790 617 826 681 in
853 615 1048 700 Hispaniam
1080 618 1140 682 im·

131 709 263 787 perator
290 705 497 787 proficiscens
519 702 722 788 Karthagine
745 702 817 768 Iovi
847 705 971 788 optimo
996 705 1139 770 maximo

96 793 258 857 rhaetias
280 793 470 857 immolavit.
500 812 582 874 quae
601 791 710 856 divina
727 813 779 856 ree
798 792 874 857 dum
898 793 1140 877 conficiebatur,

132 880 293 964 quaesivit
320 903 340 945 a
367 901 417 944 me
445 879 602 943 vellemne
632 901 742 944 secum
768 879 803 944 in
830 883 937 945 eastra
966 881 1158 967 proficisci..

131 969 166 1032 id
193 989 266 1032 cum
293 967 432 1031 libenter
459 967 656 1050 accepissem
685 972 783 1051 atque
810 968 851 1032 ab
876 990 913 1033 eo
936 972 1046 1052 petere
1070 990 1139 1034 coe-

130 1055 252 1140 pissem
273 1075 314 1118 ne
337 1055 503 1119 dubitaret
525 1055 654 1141 ducere,
683 1059 754 1120 tum
776 1056 845 1140 ille,
868 1055 999 1141 faciam,
1021 1057 1140 1141 inquit,

133 1144 161 1208 si
187 1142 269 1207 mihi
301 1142 398 1207 fidem
425 1165 523 1228 quam
549 1145 684 1228 postulo
712 1144 845 1209 dederis.
892 1144 989 1208 simul
1017 1166 1069 1210 me
1098 1145 1140 1209 ad

133 1253 224 1297 aram
247 1231 389 1316 adduxit,
412 1233 498 1317 apud
516 1253 614 1316 quarn
633 1232 812 1298 sacrificare
835 1232 1032 1318 instituerat,
1055 1254 1161 1297 eam·

134 1343 196 1405 que
224 1321 339 1386 ceteris
367 1321 501 1386 remotis
525 1324 690 1386 tenentem
712 1321 818 1386 iurare
841 1321 938 1386 iussit
960 1342 1140 1404 numquam

100 1421 116 1468 6
134 1431 185 1474 me
203 1409 239 1472 in
257 1409 402 1474 amicitia
421 1431 494 1474 cum
508 1408 664 1474 Romanis
682 1409 760 1474 fore.
793 1409 827 1473 id
842 1429 902 1494 ego
916 1409 1139 1474 iusiurandum

133 1497 221 1582 patri
248 1497 361 1562 datum
388 1519 490 1582 usque
517 1498 558 1561 ad
584 1497 669 1562 hanc
696 1500 837 1561 aetatem
866 1497 914 1560 ita
942 1498 1140 1580 conservavi,

133 1591 172 1650 11
193 1585 315 1649 nemini
337 1585 471 1649 dubium
495 1606 564 1649 esse
588 1585 715 1667 debeat,
744 1584 822 1667 quin
844 1584 970 1668 reliquo
994 1589 1139 1669 tempora

99 1673 245 1738 eeadem
272 1676 380 1736 mente
408 1673 472 1735 sim
497 1671 635 1735 futurus.
681 1693 781 1755 quare
809 1671 837 1736 61
864 1672 943 1754 quid
971 1673 1073 1738 amice
1100 1673 1140 1738 16

133 1759 289 1825 Romanis
318 1758 492 1844 cogitabis,
523 1780 590 1824 non
620 1758 841 1843 imprudenter
872 1759 1001 1846 feceris,
1032 1761 1061 1826 si
1088 1783 1140 1826 me

134 1847 263 1932 celaris;
286 1867 359 1912 cum
378 1846 509 1930 quidem
525 1847 648 1912 bellum
665 1848 806 1932 parabis,
829 1851 862 1912 te
880 1848 987 1932 ipsum
1005 1848 1141 1914 frustra·
1235 1923 1239 1928 ,
1290 1831 1291 1834 ¹

133 1936 231 2022 beris,
254 1935 282 2000 si
303 1955 370 2002 non
392 1957 444 2001 me
466 1936 502 2000 in
524 1958 561 2001 eo
584 1935 764 2021 principem
781 1935 949 2022 posueris?

100 2023 120 2088 3
223 2022 296 2091 Hac
317 2024 420 2111 igitur
444 2047 508 2110 qua
530 2025 670 2090 diximus
693 2029 801 2091 aetate
825 2046 897 2092 cum
919 2029 1013 2110 patre
1030 2026 1066 2090 in
1083 2025 1141 2090 Hi·

136 2113 284 2200 spaniam
306 2111 472 2198 profectus
489 2118 552 2198 est,
576 2114 666 2179 anius
683 2117 760 2198 post
779 2113 913 2198 obitum,
935 2112 1141 2178 Hasdrubale

136 2203 333 2288 imperatore
352 2201 497 2286 suffecto,
515 2201 676 2285 equitatui
695 2202 784 2267 omni
801 2201 951 2286 praefuit.
982 2202 1045 2266 hoc
1065 2223 1141 2285 quo·
1189 2275 1192 2280 ¹

136 2312 199 2376 que
221 2288 393 2356 interfecto
417 2290 575 2355 exercitus
599 2311 759 2353 summam
782 2289 975 2372 1111611161
997 2311 1071 2354 eum
1090 2290 1142 2354 de·

136 2379 221 2444 tulit
262 2377 296 2441 id
318 2374 555 2459 Karthaginem
578 2375 720 2438 delatum
742 2376 870 2460 publice
894 2377 1142 2461 comprobatum

100 2477 117 2527 s
135 2469 194 2536 eet.
231 2463 278 2527 sie
291 2459 456 2526 Hannibal
475 2461 581 2524 minor
599 2461 741 2545 quinque
754 2467 788 2527 et
801 2462 920 2547 viginti
936 2466 1029 2530 annis
1043 2470 1140 2532 natus

136 2553 313 2636 imperator
339 2547 445 2613 lactus
472 2547 619 2632 proximo
648 2549 788 2614 triennio
812 2571 923 2616 omnes
947 2557 1060 2638 gentes
1083 2553 1141 2618 Hi·

136 2637 268 2744 spaniae
282 2636 369 2703 bello
384 2637 523 2723 subegit,
542 2633 733 2724 Saguntum,
753 2637 951 2704 foederatam
966 2641 1141 2728 civitatem,

101 2743 117 2792 a
135 2751 168 2796 vr
191 2725 397 2814 expugnavit,
421 2731 487 2792 1166
506 2726 665 2791 exercitus
683 2727 842 2792 maximos
862 2730 1071 2811 comparavit.
1102 2753 1142 2795 ex

136 2817 189 2885 his
212 2837 312 2883 unum
335 2815 370 2879 in
387 2813 533 2879 Africam
555 2815 654 2899 misit,
678 2815 816 2880 alterum
840 2837 913 2880 cum
935 2814 1140 2884 Hasdrubale

137 2907 238 2973 116116
260 2905 295 2971 in
316 2901 476 2987 Hispania
498 2901 640 2985 reliquit,
662 2903 797 2967 tertium
819 2903 854 2967 in
876 2902 1008 2969 Italiam
1030 2927 1141 2970 secum

137 2993 238 3060 duxit
273 2997 310 3060 at
330 2991 449 3058 saltum
472 2989 671 3074 Pyrenaeum
694 2991 834 3076 transiit,
858 3013 1058 3076 quacumque
1077 2993 1141 3058 iter

137 3079 229 3166 lecit,
261 3103 335 3148 cnm
364 3079 514 3145 omnibus
546 3077 660 3143 incolis
691 3077 849 3143 conflixit:
884 3080 1047 3145 neminem
1077 3082 1141 3148 nisi

102 3167 260 3236 11111111
283 3167 415 3234 dimisit.
452 3167 493 3232 ad
510 3165 611 3250 Alpes
633 3167 846 3249 posteaquam
869 3168 966 3252 venit,
990 3191 1055 3252 qua
1077 3169 1142 3236 Ita-

138 3255 215 3322 liam
243 3255 284 3320 ab
309 3253 417 3319 Gellia
444 3255 631 3340 seiungunt,
661 3273 740 3336 quas
767 3275 862 3319 nemo
889 3277 1045 3339 umquam
1068 3279 1142 3324 aum

138 3341 280 3412 exercitu
311 3345 386 3406 ente
419 3361 492 3406 aum
523 3345 652 3490 praeter
682 3338 856 3406 Herculem
881 3341 1016 3409 Graium
1038 3350 1143 3412 trans-

138 3431 222 3498 ierat
249 3425 327 3519 (quo
355 3426 441 3492 iacto
470 3427 498 3492 16
552 3427 622 3491 odie
651 3427 754 3491 saltus
785 3427 902 3493 Graius
934 3433 1142 3520 appellatur),

140 3517 272 3606 Alpicos
287 3517 439 3584 conantes
457 3511 630 3598 prohibere
645 3514 786 3579 transitu
801 3516 949 3601 concidit,
967 3518 1040 3584 loca
1053 3526 1142 3605 pate-
