2596 3910
443 198 528 252 XXII.
547 198 747 254 Hammona.
777 207 799 254 1.
819 206 843 253 2.
1106 197 1149 262 87

97 329 99 334 ’
145 342 384 408 incommodum
411 342 538 407 videtur
566 363 632 406 non
663 343 840 426 praeterire
867 341 1087 407 Hamilcarem
1116 347 1149 406 et

146 429 370 515 Hannibalem,
394 451 475 513 quos
499 434 532 494 et
555 429 655 494 animi
678 431 900 516 magnitudine
919 435 952 494 et
971 430 1148 494 calliditate

146 540 256 585 omnes
278 519 314 583 in
336 516 449 582 Africa
470 522 566 583 natos
589 519 794 602 praestitisse
817 522 955 584 constat.

449 820 561 894 XXII.
589 819 848 895 HAMILGAR.

97 997 104 1006 ·
232 957 407 1042 Hamilcar,
420 956 614 1023 Hannibalis
628 959 725 1042 filius,
740 959 931 1045 cognomine
942 959 1056 1044 Barca,
1069 957 1149 1022 Ker—
1169 959 1187 1022 1
1252 1039 1254 1044 Ι

144 1046 368 1132 thaginiensis,
390 1047 495 1130 primo
514 1045 654 1112 Poenico
678 1047 774 1132 bello,
797 1049 853 1113 sed
875 1049 1076 1133 temporibus
1098 1069 1148 1112 ex-

144 1135 272 1218 tremis,
303 1135 476 1198 admodum
504 1134 764 1199 adulescentulus
778 1189 780 1196 .
793 1136 828 1199 in
856 1133 967 1200 Sicilia
999 1157 1148 1220 praeesse

145 1222 253 1306 coepit
276 1223 439 1288 exercitui.
474 1243 547 1286 cum
570 1226 646 1286 ante
670 1223 737 1286 eius
762 1223 936 1287 adventum
959 1227 992 1287 et
1015 1223 1097 1286 mari
1116 1227 1185 1286 eta

145 1315 233 1375 terra
256 1309 340 1372 male
363 1330 414 1374 res
438 1313 628 1395 gererentur
645 1309 978 1395 Karthaginiensium,
1001 1311 1070 1393 ipse
1093 1309 1151 1373 ubi

144 1397 251 1482 affuit,
282 1418 461 1480 numquam
492 1397 582 1462 hosti
610 1398 708 1462 cessit
744 1419 848 1482 neque
880 1399 988 1462 locum
1013 1397 1151 1462 nocendi

109 1505 111 1508 ’
144 1486 245 1570 dedit,
276 1506 434 1569 saepeque
458 1505 475 1548 e
499 1485 663 1550 contrario
691 1486 858 1550 occasione
882 1486 959 1550 data
985 1485 1151 1550 lacessivit

145 1595 334 1658 semperque
357 1572 505 1656 superior
528 1573 687 1638 discessit.
733 1577 798 1656 quo
823 1573 925 1658 facto,
953 1595 1026 1638 cum
1048 1595 1149 1658 paene

144 1662 254 1727 omnia
286 1661 320 1724 in
348 1658 460 1725 Sicilia
487 1659 589 1726 Poeni
621 1661 820 1746 amisissent,
851 1662 907 1726 ille
934 1661 1073 1746 Erycem
1104 1661 1150 1726 sic

145 1748 301 1832 defendit,
331 1751 370 1811 ut
400 1748 523 1812 bellum
550 1770 588 1813 eo
620 1750 692 1814 loco
725 1753 854 1835 gestum
885 1772 952 1816 non
978 1750 1150 1815 videretur.

145 1835 277 1902 interim
299 1832 589 1918 Karthaginienses
618 1837 720 1900 classe
748 1838 833 1920 apud
859 1837 981 1902 insulas
1005 1837 1148 1923 Aegates
1168 1853 1186 1902 3

146 1921 215 1990 aO.
228 1921 372 2006 Lutatio,
395 1922 526 1986 consule
544 1922 774 2007 Romanorum,
798 1926 942 2006 superati
965 1921 1151 1989 statuerunt

145 2010 225 2078 belli
251 2009 357 2075 facere
384 2009 482 2073 finem
509 2031 644 2094 eamque
671 2031 740 2074 rem
768 2011 904 2075 arbitrio
933 2012 1152 2095 permisenmt

146 2098 351 2164 Hamilcaris.
404 2097 460 2160 ille
492 2097 556 2162 etsi
592 2097 754 2184 flagrabat
789 2097 931 2163 bellandi
963 2099 1151 2184 cupiditate,

146 2193 256 2253 tamen
287 2185 360 2270 paci
392 2185 610 2256 serviundum,
629 2186 773 2270 putavit,
811 2187 897 2270 quod
927 2186 1069 2270 patriam
1101 2207 1151 2251 ex·

145 2277 297 2341 haustam
321 2274 505 2358 sumptibus
529 2273 650 2339 diutius
670 2274 871 2340 calamitates
889 2274 968 2339 belli
985 2273 1069 2339 ferre
1085 2296 1151 2340 non

145 2386 241 2450 posse
264 2363 487 2448 intellegebat,
510 2363 637 2428 sedita
663 2367 702 2427 ut
733 2363 847 2427 statim
870 2367 977 2428 mente
1001 2364 1188 2450 agitaret,4
1272 2405 1277 2413 ,

146 2454 175 2518 si
197 2453 330 2537 paulum
353 2452 449 2516 modo
472 2472 524 2516 res
548 2455 657 2518 essent
679 2451 828 2536 refectae,
850 2451 973 2517 bellum
995 2473 1150 2517 renovare

146 2541 375 2622 Romanosque
399 2539 498 2604 armis
521 2540 685 2624 persequi,
708 2541 859 2605 donicum
882 2545 939 2604 aut
961 2540 1082 2606 virtute
1106 2541 1150 2605 vi-

36 2661 40 2670 =
147 2628 268 2693 cissent
291 2629 357 2696 aut,
370 2627 449 2690 victi
466 2647 581 2690 manus
600 2627 772 2691 dedissent.
802 2627 866 2692 hoc
884 2628 1018 2692 consilio
1037 2651 1150 2712 pacem
1169 2645 1187 2694 5

146 2714 342 2797 conciliavit,
363 2713 399 2776 in
421 2734 484 2796 quo
508 2717 601 2778 tanta
618 2713 682 2777 fuit
699 2713 829 2796 ferocia,
853 2735 926 2778 cum
945 2713 1079 2779 Catulus
1098 2738 1150 2780 ne·

146 2807 240 2890 geret
266 2801 389 2866 bellum
417 2801 687 2885 compositurum,
715 2801 779 2864 nisi
805 2801 861 2864 ille
886 2823 959 2865 cum
986 2801 1067 2886 suis,
1095 2804 1150 2885 qui

145 2891 464 2976 Erycemtenerent,
488 2889 586 2953 armis
609 2889 732 2954 relictis
757 2886 869 2954 Sicilia
892 2889 1090 2975 decederent,
1113 2894 1151 2955 ut

147 2979 375 3046 succumbente
402 2977 511 3062 patria
538 2977 607 3061 ipse
629 2977 810 3060 periturum
834 2999 868 3041 se
891 2977 1001 3061 potius
1025 2978 1150 3064 dixerit,

148 3089 245 3151 quam
272 3089 345 3132 cum
374 3070 468 3131 tanto
495 3065 621 3150 flagitio
650 3067 781 3130 domum
808 3065 944 3130 rediret:
975 3067 1150 3132 nonenim

148 3177 224 3220 suae
257 3175 326 3219 esse
358 3154 489 3219 virtutis
523 3175 613 3218 erma
642 3174 662 3217 a
693 3153 801 3236 patria
833 3157 965 3238 accepta
997 3155 1150 3222 adversus

146 3244 258 3308 hostes
287 3241 477 3306 adversariis
509 3241 645 3306 tradere.
694 3241 790 3306 huius
822 3242 1019 3325 pertinaciae
1053 3241 1151 3309 cessit
1237 3269 1238 3272 ¹

146 3329 291 3396 Catulus.
1288 3387 1289 3390 ,

234 3416 281 3482 At
307 3417 362 3480 ille
389 3421 427 3482 ut
453 3417 689 3502 Karthaginem
717 3417 818 3502 venit,
854 3418 957 3482 multo
987 3417 1081 3480 aliter
1114 3417 1191 3481 ac2

145 3509 294 3592 sperarat
316 3526 385 3569 rem
416 3504 580 3588 publicam
603 3526 637 3570 se
658 3505 833 3570 habentem
857 3504 1017 3590 cognovit.
1063 3524 1151 3566 nam·
1288 3533 1289 3544 ¹
