2596 3910
454 240 525 295 XVI.
544 239 750 296 PELOPIDAS.
779 247 803 295 ὅ.
1089 241 1132 306 65

122 385 245 449 laetum
268 405 444 468 numquam
468 385 576 450 animo
599 384 722 468 placari
744 385 853 468 potuit
871 385 906 450 in
924 407 1006 468 eum,
1029 407 1131 468 aquo

107 475 195 558 erat
216 471 366 558 uiolatus.
412 471 522 556 itaque
550 472 714 557 persuasit
736 471 899 538 Thebanis
926 477 964 538 ut
987 472 1131 538 subsidio
1246 551 1253 562 ,

122 559 309 626 Thessaliae
340 559 622 644 proficiscerentur
651 564 871 644 tyrannosque
898 561 967 626 eius
995 560 1132 644 expelle-

4 715 8 726 ,
122 652 204 713 rent.
239 647 330 714 cuius
353 648 433 713 belli
452 670 525 714 cum
544 649 573 714 ei
593 669 720 714 summa
737 652 824 714 esset
842 647 919 713 data
937 669 1039 732 eoque
1058 663 1167 714 cums
1275 679 1285 690 ·

122 736 266 801 exercitu
289 735 455 820 profectus
479 740 575 822 esset,
596 758 663 804 non
685 736 863 820 dubitavit,
893 737 1030 802 simulac
1059 758 1133 802 con·

123 824 230 909 spexit
247 823 387 908 hostem,
412 825 593 911 confligere.
630 825 747 908 inquo
766 825 891 910 proelio
910 824 1132 890 Alexandrum
1150 839 1169 889 s

122 915 160 977 ut
183 911 422 997 animadvertit,
444 913 594 978 incensus
613 913 663 977 ira
682 935 801 997 equum
818 913 854 978 in
867 935 941 979 eum
956 913 1132 980 concitavit

122 1000 300 1083 proculque
324 1000 487 1087 digressus
507 1001 613 1067 esuis
632 1001 781 1066 coniectu
801 1001 942 1067 telorum
961 1001 1131 1068 confossus

123 1087 274 1168 concidit.
308 1091 405 1172 atque
428 1089 491 1155 hoc
510 1089 648 1155 secunda
661 1089 800 1155 victoria
818 1091 949 1156 accidit:
971 1089 1132 1156 narniam

123 1174 298 1241 inclinatae
321 1181 415 1244 erant
437 1181 651 1261 tyrannorum
674 1177 795 1260 copiae.
829 1199 893 1260 quo
911 1177 999 1243 faoto
1020 1191 1168 1243 omnesc
1293 1231 1294 1234 ι

123 1262 310 1328 Thessaliae
347 1264 498 1336 civitates
535 1263 743 1330 interfectum
779 1264 968 1348 Pelopidam
1004 1265 1132 1330 coronis
1258 1280 1259 1291 ¹

51 1387 52 1390 π
123 1351 231 1503 qureis
260 1355 293 1417 et
321 1353 440 1418 statuis
468 1352 576 1418 a'e'neis
608 1352 792 1436 liberosque
820 1352 890 1417 eius
918 1352 1022 1417 multo
1053 1373 1132 1437 agro

146 1443 294 1505 onanmt.
1102 1447 1106 1452 '

523 1585 734 1594 —-..-.—-.-.

425 1743 536 1817 XVII.
564 1742 839 1817 AGESILAUS.

213 1877 386 1965 Agesilaus
409 1878 683 1946 Lacedaemonius
711 1903 785 1948 cum
813 1881 970 1946 aoeteris
997 1881 1170 1965 scripto-1

124 1967 216 2037 ribus
240 1971 311 2032 tum
334 1966 488 2032 eximiae
511 1966 726 2051 Xenophonte
745 1966 911 2033 Socratico
931 1967 1132 2034 collaudatus

125 2059 190 2121 est:
214 2076 252 2120 eo
276 2054 363 2120 enim
385 2075 464 2118 usus
487 2059 538 2122 cst
560 2054 822 2120 familiarissime.
858 2055 912 2120 hic
934 2055 1077 2139 primum
1095 2056 1169 2121 dez

125 2165 226 2230 reguo
254 2163 328 2208 cum
355 2141 567 2227 Leotychide,
598 2142 710 2208 fratris
742 2141 824 2226 filio,
855 2142 972 2208 habuit
1005 2145 1135 2208 conten-

125 2232 258 2296 tionem.
303 2251 375 2296 mos
402 2234 473 2295 erat
501 2231 587 2296 enim
616 2229 881 2296 Lacedaemoniis
909 2253 928 2294 a
955 2230 1133 2297 maioribus

126 2320 275 2404 traditus,
293 2323 331 2384 ut
345 2318 439 2384 binos
454 2319 612 2386 haberent
626 2341 753 2404 semper
766 2340 868 2405 reges,
883 2318 1014 2385 nomine
1029 2320 1133 2407 magis

126 2430 223 2492 quam
237 2407 383 2492 imperio,
398 2429 437 2474 ex
450 2407 575 2474 duabus
589 2407 722 2472 familiis
737 2405 846 2474 Procli
860 2411 894 2472 et
907 2407 1134 2494 Eurysthenis,

127 2497 182 2580 qui
205 2496 366 2581 principes
390 2517 429 2561 ex
451 2497 606 2583 progenie
629 2496 780 2562 Herculis
800 2493 936 2581 Spartae
955 2518 1047 2582 reges
1067 2496 1134 2562 fue-

127 2588 212 2649 runt.
244 2585 362 2650 horum
380 2605 420 2649 ex
438 2585 541 2650 altera
559 2585 593 2650 in
612 2585 746 2650 alterius
769 2583 912 2650 familiae
935 2585 1044 2651 looum
1062 2585 1134 2650 fieri
1153 2600 1169 2648 s

125 2693 193 2737 nou
215 2671 347 2736 licebat:
370 2671 418 2736 its
436 2693 530 2738 suum
548 2677 685 2758 utraque
704 2673 866 2737 retinebat
885 2671 1039 2736 ordinem.
1070 2674 1134 2756 pri·

127 2781 217 2824 mum
249 2759 334 2824 ratio
365 2759 560 2844 habebatur,
592 2761 648 2845 qui
679 2760 838 2826 maximus
869 2763 950 2824 natu
982 2763 1068 2824 esset
1095 2781 1135 2825 ex

126 2847 238 2912 liberis
257 2847 337 2931 eius,
360 2848 416 2931 qui
440 2869 578 2934 regnans
597 2848 803 2933 decessisset,
825 2848 877 2913 sin
890 2848 919 2912 is
933 2847 1027 2912 virile
1041 2868 1133 2912 secus

126 2957 193 3002 non
215 2935 415 3020 reliquisset,
445 2941 516 3002 tum
539 2936 754 3024 deligebatur,
778 2936 834 3020 qui
856 2935 1023 3020 proximus
1046 2938 1134 3000 esset

126 3024 380 3109 propinquitate.
417 3028 565 3092 mortuus
584 3029 655 3090 erat
668 3023 750 3112 Agis
770 3046 835 3109 rex,
857 3023 959 3088 frater
973 3021 1133 3110 Agesilai:
1152 3039 1169 3087 4

127 3113 231 3176 filium
253 3113 430 3196 reliquerat
452 3111 693 3214 Leotychidem.
735 3134 831 3196 quem
853 3111 909 3213 ille
931 3113 1047 3214 natum
1067 3133 1134 3178 non

126 3199 1066 3375 tttttstttltztltftttt'tltttut
1081 3201 1134 3353 d?-

128 3397 190 3460 que
220 3375 252 3440 id
281 3376 367 3460 quod
395 3377 513 3461 petivit
540 3382 732 3444 consecutus
759 3380 817 3442 est.
862 3399 939 3442 nam
966 3375 1169 3460 Lysandros

127 3463 336 3550 suffragante,
358 3463 499 3550 homine,
521 3469 559 3530 ut
581 3466 781 3532 ostendimus
805 3487 917 3549 supra,
939 3463 1077 3529 factioso
1101 3464 1135 3525 et

127 3553 168 3618 iis
192 3552 396 3636 temporibus
419 3557 562 3638 potente,
584 3552 756 3640 Agesilaus
781 3553 942 3618 antelatus
966 3553 1024 3614 est.

180 3664 319 3708 conaturus
332 3665 422 3708 Nasos.
959 3657 976 3708 5
