2596 3910
427 234 512 290 xxv.
531 232 694 289 urricus
725 238 837 300 rr-re.
1077 233 1139 297 109
1238 290 1240 294 .

221 379 326 445 Nemo
341 379 377 444 in
390 378 539 444 convivio
553 377 622 442 eius
638 377 726 442 aliud
740 399 891 442 acroama
905 378 1033 448 audivit¹
1043 399 1141 461 quam
1152 377 1194 441 14

133 472 343 554 anagnosten,
367 466 455 551 quod
476 485 536 531 nos
561 466 691 550 quidem
714 465 981 530 iucundissimum
1005 466 1141 530 arbitra-

133 579 219 640 mur3
244 577 349 640 neque
377 575 533 637 umquam
561 554 630 618 sine
658 553 767 636 aliqua
794 553 932 618 lectione
960 553 1045 638 apud
1068 575 1142 617 eum

134 649 285 711 cenatum
313 646 376 726 est,
402 646 529 706 utnon
551 642 658 706 minus
682 642 790 706 animo
814 663 912 726 quam
934 645 1047 706 ventre
1071 661 1142 706 con-

133 733 225 798 vivae
263 731 520 796 delectarentur:
555 750 695 813 namque
728 751 784 795 eos
815 730 972 814 vocabat,
1004 743 1177 814 quoruma

134 841 284 886 maresa
312 818 379 884 suis
406 838 473 883 non
500 817 721 883 abhorrerent.
766 839 840 883 cum
867 821 961 882 tanta
987 817 1142 902 pecuniae

133 909 223 974 faeta
245 910 332 972 esset
353 905 504 990 accessio,
526 905 609 970 nihil
629 906 667 970 de
686 905 865 971 cottidiano
885 907 975 971 cultu
994 905 1143 989 mutarit,

133 996 217 1062 nihil
240 995 278 1059 de
301 993 389 1060 ritae
412 993 657 1078 consuetudine,
684 997 840 1078 tantaque
863 1016 940 1060 usus
964 999 1016 1059 est
1038 993 1144 1058 mode

134 1083 278 1167 ratione,
306 1086 346 1147 ut
367 1103 471 1165 neque
493 1082 529 1147 in
556 1081 708 1147 sestertio
736 1082 871 1166 vicione,
899 1083 986 1166 quod
1009 1104 1029 1147 a
1050 1085 1144 1166 patre
1210 1106 1225 1132 ν
1263 1163 1266 1170 y

136 1175 316 1255 acceperat,
343 1192 459 1254 parum
486 1191 521 1234 se
549 1169 714 1252 splendide
742 1171 882 1254 gesserit
909 1191 1014 1252 neque
1041 1170 1076 1233 in
1099 1191 1145 1252 se·

137 1259 253 1326 stertio
283 1259 427 1324 centiens
455 1257 627 1322 afluentius
655 1256 785 1341 vixerit,
818 1279 916 1340 quarn
947 1253 1145 1341 instituerat,
1194 1265 1212 1298 a

136 1347 271 1433 parique
298 1345 433 1431 fastigio
461 1345 592 1410 steterit
618 1345 653 1410 in
679 1348 818 1429 utraque
850 1345 992 1411 fortuna.
1036 1345 1181 1429 nullose

135 1435 253 1502 hebuit
284 1435 416 1517 hortos,
446 1433 572 1498 nullam
604 1433 825 1498 suburbanam
857 1437 914 1498 aut
946 1433 1147 1498 maritimam

8 1519 10 1530 ’
137 1527 363 1608 sumptuosam
390 1521 516 1606 villam,
542 1542 646 1604 neque
674 1521 710 1584 in
731 1519 843 1606 Italia,
870 1525 1001 1604 praeter
1023 1519 1148 1584 Arreti

136 1635 215 1678 num
238 1617 272 1676 et
294 1609 552 1694 Nomentanum,
579 1609 739 1674 rusticum
765 1609 949 1694 praedium,
977 1609 1146 1692 omnisque

8 1729 9 1740 ¹
138 1701 207 1764 eius
234 1699 389 1783 pecuniae
416 1698 540 1762 reditus
568 1699 742 1783 constabat
768 1697 803 1762 in
829 1697 1008 1782 Epiroticis
1036 1701 1070 1762 et
1096 1719 1147 1761 ur-

138 1787 232 1852 banis
259 1785 529 1870 possessionibus.
574 1807 613 1850 ax
641 1808 705 1868 quo
733 1786 887 1870 cognosci
913 1789 1025 1870 potest
1052 1807 1148 1850 usum

139 1897 213 1940 eum
244 1872 399 1957 pecuniae
429 1893 496 1936 non
528 1873 765 1957 magnitudine,
797 1874 853 1937 sed
883 1874 1009 1938 ratione
1038 1873 1148 1937 metiri

140 1962 283 2028 solitum.

227 2047 433 2113 Mendacium
463 2068 568 2130 neque
599 2047 729 2112 dicebat
763 2067 867 2130 neque
903 2049 974 2131 pati
1009 2051 1149 2131 poterat.
1160 2045 1201 2111 15
1288 2129 1289 2134 ἵ

139 2139 251 2221 itaque
280 2136 349 2201 eius
378 2135 515 2200 comitas
544 2157 610 2200 non
638 2135 707 2200 sine
740 2135 912 2199 severitate
942 2139 1014 2200 erat
1045 2157 1149 2218 neque
1207 2149 1209 2154 '
1265 2141 1267 2148 ’

141 2225 286 2313 gravitas
319 2223 388 2288 sine
420 2222 593 2307 facilitate,
624 2227 662 2287 ut
693 2221 825 2288 difficile
853 2227 940 2287 esset
971 2223 1149 2307 intellectu,

140 2318 251 2380 utrum
270 2334 344 2378 eum
362 2311 459 2377 amici
478 2311 583 2396 magis
602 2315 791 2376 vererentur
809 2331 852 2374 an
870 2315 1026 2375 amarent.
1061 2311 1150 2394 quid·

142 2403 219 2486 quid
241 2401 430 2486 rogabatur,
452 2399 605 2484 religiose
627 2399 851 2484 promittebat,
876 2400 961 2484 quod
984 2421 1050 2464 non
1072 2400 1150 2464 libe

141 2491 240 2574 rales,
269 2489 326 2554 sed
348 2490 435 2554 leves
459 2488 682 2552 arbitrabatur
703 2487 851 2572 polliceri
875 2488 961 2571 quod
983 2491 1150 2572 praestare
1182 2487 1208 2540 'r'

141 2599 207 2643 non
229 2580 373 2660 possent.
408 2575 494 2640 idem
512 2575 547 2640 in
569 2577 718 2659 tenendo,
741 2575 827 2658 quod
850 2576 950 2640 semel
973 2577 1184 2660 annuissetr

142 2669 237 2730 tanta
259 2667 330 2728 erat
353 2683 439 2747 eura,
460 2666 499 2726 ut
520 2683 587 2727 non
609 2664 806 2746 mandatam,
829 2664 885 2726 sed
908 2686 1001 2728 suam
1019 2686 1089 2728 rem
1106 2665 1151 2727 ri-

138 2753 274 2818 deretur
302 2771 406 2837 agere.
450 2772 628 2834 numquam
656 2750 799 2833 suscepti
826 2751 951 2835 negotii
979 2773 1054 2815 eum
1080 2773 1150 2834 per-

143 2846 271 2906 taesum
294 2843 358 2904 est:
391 2860 483 2904 suam
514 2839 600 2902 enim
624 2837 898 2903 existimationem
921 2839 956 2903 in
978 2859 1017 2903 ea
1039 2859 1074 2903 re
1097 2838 1152 2924 agi
1184 2906 1187 2914 ,

142 2929 291 3014 putabat,
314 2947 378 3012 qua
400 2926 482 2991 nihil
505 2925 649 2991 habebat
671 2926 787 2992 carius.
824 2946 888 3009 quo
911 2926 1012 2991 fiebat
1029 2930 1068 2990 ut
1086 2942 1185 2991 ome

8 3031 9 3034 ’
142 3018 198 3082 nia
221 3016 423 3099 Ciceronum,
445 3013 488 3080 M.
507 3013 651 3099 Catonis,
675 3014 712 3090 Q.
730 3013 909 3098 Hortensii,
931 3013 970 3078 A.
984 3013 1152 3099 Torquati,

144 3106 323 3170 multorum
341 3108 509 3188 praeterea
527 3103 674 3187 equitum
687 3101 910 3167 Romanorum
928 3102 1062 3187 negotia
1079 3124 1152 3186 pro·

10 3231 13 3238 ι
145 3197 282 3258 curaret.
314 3214 431 3276 exque
450 3191 586 3256 iudicari
604 3195 794 3276 potestnon
811 3190 938 3275 inertia,
957 3191 1013 3256 sed
1032 3191 1151 3256 iudicio

145 3280 268 3366 fugisse
291 3279 510 3363 reipublicae
533 3281 805 3365 procurationem

233 3367 458 3432 Humanitatis
480 3389 557 3433 vero
579 3369 705 3432 nullum
729 3367 843 3432 afferre
870 3367 975 3432 maius
1005 3365 1205 3432 testimo-16

145 3457 236 3522 nium
258 3477 401 3540 possum,
424 3477 522 3538 quam
541 3456 626 3538 quod
645 3457 832 3521 adulescens
851 3455 937 3519 idem
957 3455 1026 3519 seni
1043 3453 1153 3518 Sullae

146 3543 210 3610 fuit
231 3543 496 3628 iucundissimus,
526 3563 623 3608 senex
646 3543 845 3609 adulescenti
868 3542 911 3607 M.
934 3542 1052 3626 Bruto,
1080 3563 1153 3607 eum
