2596 3910
426 230 526 286 XVIII.
544 228 726 286 EUMENES.
755 235 849 284 a--11.
1101 230 1141 294 ’Π

136 375 285 460 reddant,
307 379 344 441 ut
366 374 559 440 assimulata
582 377 764 440 castromm
787 374 1018 440 consuetudine
1041 375 1143 458 suspi-
1161 390 1179 438 4

137 465 263 529 cionem
290 463 425 530 iniciant
451 462 617 546 hostibus,
646 461 688 526 iis
715 461 796 527 locis
819 483 891 528 esse
913 465 1023 528 castra
1044 483 1082 526 ac
1104 462 1143 526 de

137 572 249 618 eorum
272 551 412 618 adventu
435 572 506 617 esse
528 550 808 635 praenuntiatum
837 550 986 634 idemque
1012 552 1144 634 postera

136 643 231 706 nocte
250 639 382 706 faciant.
414 639 533 723 quibus
551 639 747 722 imperatum
766 641 846 722 erat,
864 637 1038 724 diligenter
1054 658 1144 722 prae·
1163 651 1179 700 c

137 732 267 813 ceptum
286 731 410 794 curant.
446 725 633 813 Antigonus
652 725 796 792 tenebris
815 725 941 792 obortis
959 726 1052 812 ignes
1071 747 1145 790 con·

137 817 296 900 spiratur:
325 813 431 890 credit
458 815 497 880 de
525 836 584 881 suo
608 813 748 880 aduentu
771 835 843 880 esse
866 814 1013 880 auditum
1036 817 1069 878 et
1093 813 1144 878 ad-

139 904 298 970 versarios
311 903 390 969 illuc
402 924 479 968 suas
494 903 694 970 contraxisse
709 903 827 987 copias.
851 906 957 968 mutat
972 901 1144 968 consilium
1163 917 1179 966 a

137 997 183 1076 et,
211 990 364 1076 quoniam
391 991 612 1076 imprudentes
640 991 760 1056 adoriri
786 1013 853 1056 non
883 995 1009 1075 posset,
1040 989 1145 1056 flectit

136 1081 201 1146 iter
224 1100 319 1144 suum
337 1083 371 1145 et
391 1079 485 1145 illum
503 1078 686 1145 anfractum
704 1079 886 1164 longiorem
904 1079 1054 1163 copiosae
1073 1077 1144 1144 viae

138 1167 226 1251 capit
249 1167 358 1251 ibique
381 1167 467 1232 diem
488 1189 590 1232 unum
608 1166 776 1249 opperitur
795 1167 836 1232 ad
853 1167 1080 1232 lassitudinem
1098 1187 1145 1232 se

137 1255 277 1320 dandam
300 1255 443 1318 militum
461 1275 498 1319 ac
516 1253 689 1319 reficienda
706 1253 861 1339 iumenta,
884 1276 948 1338 quo
966 1254 1145 1339 integriore
1167 1269 1170 1274 '

139 1343 284 1408 exercitu
306 1343 501 1408 decerneret.

227 1429 282 1497 Sic
299 1429 462 1498 Eumenes
485 1429 637 1495 callidum
659 1430 890 1514 imperatorem
910 1429 990 1495 vicit
1008 1428 1144 1494 consilio
1158 1428 1198 1492 10

138 1519 403 1602 celeritatemque
430 1517 600 1602 impedivit
627 1517 710 1602 eius,
736 1539 841 1602 neque
868 1522 978 1582 tamen
1005 1517 1145 1582 multum

137 1607 285 1692 profecit.
329 1629 406 1672 nam
428 1605 550 1671 invidia
572 1606 703 1690 ducum,
726 1627 800 1672 cum
824 1605 942 1690 quibus
965 1609 1049 1689 erat,
1075 1620 1180 1690 per-a

137 1695 278 1778 fidisque
295 1693 509 1760 Macedonum
531 1698 767 1777 veteranorum,
790 1715 864 1760 cum
887 1693 1035 1778 superior
1054 1714 1146 1778 proe-

138 1783 184 1848 lio
207 1781 420 1865 discessisset,
450 1779 618 1867 Antigono
641 1785 692 1846 est
714 1781 856 1867 deditus,
888 1803 963 1848 cum
984 1782 1144 1848 exercitus

140 1870 171 1936 ei
193 1873 245 1934 ter
266 1872 343 1934 ante
366 1869 525 1952 separatis
548 1868 750 1952 temporibus
777 1870 918 1935 iurasset
941 1891 975 1935 se
998 1891 1072 1934 eum
1095 1869 1146 1934 de-

139 1959 307 2024 fensurum
328 1977 432 2040 neque
455 1976 610 2039 umquam
632 1956 843 2021 deserturum.
888 1955 945 2021 sed
966 1960 1061 2020 tanta
1082 1955 1146 2020 fuit

139 2045 370 2111 nonnullorum
397 2043 530 2108 virtutis
558 2043 770 2127 obtrectatio,
801 2047 839 2107 ut
866 2043 963 2108 fidem
995 2043 1146 2108 amittere

140 2133 277 2199 mallent
304 2153 402 2216 quam
429 2153 504 2196 eum
529 2152 596 2196 uon
624 2130 767 2215 perdere.
812 2133 910 2214 atque
939 2130 1026 2194 hune
1052 2129 1180 2196 Anti-8

140 2243 259 2308 gonus,
286 2242 361 2287 oum
383 2219 414 2286 ei
436 2218 553 2285 fuisset
579 2217 825 2301 infestissimus,
852 2221 1089 2301 conservasset,
1118 2218 1147 2283 si

139 2332 198 2394 per
221 2331 298 2375 suos
321 2311 408 2375 assat
426 2307 562 2392 licitum,
585 2307 672 2390 quod
689 2307 730 2371 ab
748 2307 839 2372 nullo
858 2328 893 2372 se
910 2307 986 2391 plus
1000 2306 1147 2372 adiuvari

139 2419 236 2482 posse
258 2397 472 2484 intellegebat
494 2395 529 2461 in
551 2395 599 2461 eis
622 2395 733 2480 rebus,
760 2417 841 2478 quas
868 2395 1053 2479 impendere
1080 2395 1147 2460 iam

141 2487 320 2571 apparebat
342 2485 502 2551 omnibus.
517 2503 519 2508 ·
532 2483 747 2549 imminebant
764 2483 851 2550 anim
870 2481 1033 2568 Seleucus,
1055 2482 1147 2568 Lysi·

140 2575 285 2658 machus,
303 2573 519 2656 Ptolemaeus,
542 2573 659 2656 opibus
677 2571 744 2636 iam
761 2573 916 2656 valentes,
935 2593 1009 2638 cum
1028 2572 1146 2656 quibus

141 2663 172 2728 ei
194 2661 233 2728 de
256 2661 391 2726 summis
414 2660 511 2725 rebus
534 2664 605 2725 erat
627 2659 854 2725 dimicandum.
891 2659 947 2724 sed
968 2681 1035 2724 non
1056 2659 1146 2742 passi
1164 2674 1182 2723 4

23 2763 29 2774 “
141 2753 219 2814 sunt
236 2749 261 2813 ii
280 2749 335 2833 qui
354 2749 440 2814 circa
458 2751 559 2831 erant,
582 2747 668 2832 quod
685 2747 839 2812 ridebant
852 2745 997 2812 Eumene
1015 2751 1146 2830 recepto

142 2859 253 2904 omnes
276 2857 354 2922 prae
376 2836 433 2901 illo
456 2835 549 2921 parvi
571 2834 708 2900 futuros.
744 2835 814 2920 ipse
832 2838 942 2900 autem
959 2833 1146 2918 Antigonus

141 2926 221 2992 adeo
249 2929 320 2991 erat
346 2924 510 3009 incensus,
541 2927 579 2988 ut
604 2923 669 2987 nisi
697 2943 816 3009 magna
843 2943 900 3006 spe
932 2921 1147 2987 maximarum

141 3037 250 3080 rerum
272 3013 368 3079 leniri
390 3035 457 3079 non
478 3015 598 3098 posset.

228 3101 344 3185 Itaque
368 3123 442 3167 oum
464 3121 538 3166 eum
560 3100 596 3164 in
618 3099 799 3165 custodiam
826 3097 969 3164 dedisset
995 3101 1029 3163 et
1056 3099 1196 3183 prae-11

141 3190 246 3254 tectus
270 3189 441 3255 custodum
465 3188 659 3272 quaesisset,
687 3209 784 3270 quem
807 3186 847 3252 ad
869 3186 1002 3252 modum
1025 3188 1148 3253 servari

140 3275 249 3360 vellet,
267 3274 316 3341 ‘ut
334 3275 537 3343 acerrimum’
551 3275 660 3360 inquit
678 3275 817 3340 ‘leonem
835 3278 893 3340 aut
909 3274 1148 3341 ferocissimum

142 3363 376 3448 elephantum':
398 3365 542 3431 nondum
560 3364 647 3430 enim
665 3366 835 3448 statuerat,
854 3367 1060 3429 conservaret
1073 3383 1148 3426 eum

139 3474 249 3518 necne.
286 3452 437 3518 veniebat
460 3457 570 3518 autem
592 3453 633 3517 ad
650 3450 830 3518 Eumenem
852 3456 1026 3534 utrumque
1045 3460 1182 3533 genust

139 3541 317 3630 hominum,
340 3544 374 3606 et
393 3540 448 3624 qui
467 3544 601 3625 propter
619 3540 729 3606 odium
746 3538 890 3606 fructum
904 3537 1006 3603 oculis
1021 3557 1060 3601 ex
1078 3535 1147 3600 eius
