2596 3910
399 235 457 293 XV.
477 236 749 294 EPAMINONDAS.
778 243 802 293 ὅ.
822 245 846 292 6.
1088 239 1131 303 59

119 381 213 446 citati
238 403 307 447 esse
330 382 457 446 debent.
493 403 591 465 quare
616 381 644 445 si
666 382 829 467 principes
854 380 1009 448 Graeciae
1033 383 1132 448 vultis

120 472 201 554 esse,
224 469 340 535 castris
365 473 416 535 est
438 470 531 535 vobis
554 469 720 554 utendum,
742 492 809 535 non
827 470 1012 554 palaestra?
1046 470 1133 535 idem
1152 486 1167 534 s

119 557 176 622 ille
199 556 394 623 Meneclides
419 579 492 622 cum
514 557 591 623 hnic
621 557 778 642 obiceret,
809 558 895 641 quod
922 558 1044 623 liberos
1067 579 1134 623 non

119 646 256 710 baberet
278 667 383 729 neque
410 667 544 710 uxorem
572 645 731 730 duxisset,
762 645 965 730 maximeque
995 646 1134 711 insolen-

119 735 210 818 tiam,
234 734 321 818 quod
345 733 408 798 sibi
427 733 682 820 Agamemnonis
706 734 784 798 belli
808 734 948 820 gloriam
970 734 1135 798 videretur

120 825 328 887 consecutus:
352 821 456 886 atille
471 820 612 906 ‘desine'
631 822 739 906 inquit
753 821 953 907 ‘Meneclida
977 822 1015 886 de
1034 843 1134 887 uxore

120 909 202 974 mihi
230 909 440 994 exprobrare:
476 931 552 975 nam
570 910 702 977 ‚nullius
730 911 765 974 in
791 910 857 975 ista
884 932 918 975 re
949 910 1056 975 minus
1083 909 1134 974 uti

121 998 259 1063 consilio
283 996 378 1063 volo?
416 995 574 1084 (babebat
592 999 679 1062 enim
697 996 892 1064 Meneclides
916 998 1134 1082 suspicionem

120 1083 298 1170 adulterii.)
340 1084 438 1170 ‘quod
461 1090 571 1151 eutem
593 1108 645 1150 me
668 1085 948 1172 Agamemnonem
978 1087 1134 1151 aemulari
1153 1103 1169 1150 a

119 1177 229 1258 putas,
251 1172 384 1239 falleris.
418 1195 557 1258 namque
580 1174 636 1237 ille
660 1195 734 1238 oum
755 1174 907 1240 universa
926 1173 1063 1239 Graecia
1080 1174 1134 1238 vix

120 1261 355 1340 decemannis
383 1283 482 1325 unam
510 1261 597 1346 oepit
623 1262 751 1344 urbem,
779 1281 840 1346 ego
869 1265 984 1326 contra
1011 1283 1049 1325 ea
1070 1282 1135 1325 una

119 1349 201 1413 urbe
214 1353 330 1414 nostra
347 1349 444 1432 dieqn
458 1371 545 1457 suno
565 1352 670 1414 totam
685 1346 856 1414 Graeciam
869 1347 1134 1413 Lacedaemoniis

120 1437 243 1523 fugatis
266 1371 463 1588 liberarii

209 1525 301 1590 Idem
329 1547 403 1590 oum
443 1547 467 1590 n
493 1529 689 1590 conventum
712 1525 856 1590 venisset
878 1523 1056 1608 Arcadum,
1083 1525 1174 1607 ped

121 1619 194 1678 teus
216 1618 255 1678 ut
278 1613 470 1678 societatem
493 1635 567 1678 curn
586 1611 749 1678 Thebanis
773 1617 807 1677 et
825 1611 958 1698 Argivis
981 1611 1135 1695 facerent,

121 1705 299 1784 contraque
318 1699 537 1785 Callistratus,
559 1699 811 1766 Atheniensium
835 1700 973 1788 legatus,
997 1701 1053 1784 qui
1073 1699 1136 1764 elo·

122 1789 257 1872 quentia
279 1809 392 1853 omnes
415 1810 453 1853 eo
480 1789 670 1871 praestabat
698 1793 858 1872 tempore,
887 1789 1070 1872 postularet
1097 1790 1135 1851 ut

121 1877 233 1960 potius
253 1875 432 1939 amicitiam
447 1879 658 1958 sequerentur
672 1875 869 1958 Atticorum,
892 1880 926 1940 et
939 1877 974 1939 in
988 1876 1135 1939 oratione

122 1986 183 2030 sua
210 1963 314 2028 multa
341 1963 488 2026 invectus
512 1967 600 2026 esset
626 1963 661 2025 in
683 1962 855 2026 Thebanos
879 1967 913 2026 et
935 1961 1077 2046 Argivos
1100 1963 1136 2024 in

122 2053 235 2136 eisque
261 2051 325 2115 hoc
352 2049 530 2134 posuisset,
562 2051 707 2114 animum
735 2049 902 2113 advertere
932 2048 1048 2112 debere
1075 2047 1169 2112 Ara

82 2141 96 2158 “
122 2140 228 2224 cades,
252 2139 364 2223 quales
382 2141 521 2220 utraque
540 2137 655 2202 civitas
672 2137 757 2201 cives
776 2139 989 2220 procreasset,
1013 2157 1052 2200 ex
1066 2135 1135 2218 qui-

121 2231 184 2294 bus
208 2227 247 2292 de
270 2226 387 2292 ceteris
409 2229 545 2310 possent
567 2225 723 2290 iudicare:
759 2223 900 2310 Argivos
924 2223 1010 2289 enim
1032 2221 1134 2288 fuisse

123 2317 274 2382 Orestem
303 2319 337 2380 et
359 2313 571 2380 Alcmeonem
599 2312 799 2396 matricidas,
829 2312 950 2376 Thebis
974 2310 1135 2395 Oedipum
1240 2388 1242 2392 .

122 2409 245 2489 natum,
269 2404 334 2488 qui,
357 2407 581 2488 compatrem
605 2423 700 2468 suum
722 2399 949 2486 interfecisset,
972 2422 1011 2465 ex
1029 2403 1134 2464 matre

122 2494 244 2558 liberos
263 2495 480 2576 procreasset:
498 2491 575 2556 huic
593 2491 628 2555 in
646 2489 868 2573 respondendo
882 2488 1135 2573 Epaminondas,
1154 2506 1170 2553 3

125 2603 199 2646 eum
222 2580 261 2644 de
285 2581 402 2644 ceteris
424 2582 622 2662 perorasset,
651 2581 827 2662 postquam
850 2577 891 2640 ad
912 2577 971 2642 illa
993 2578 1057 2643 duo
1081 2600 1135 2661 op·

123 2667 257 2754 probriu
279 2667 435 2751 pervenit,
458 2666 610 2730 admirari
634 2687 668 2730 se
691 2666 774 2730 dixit
797 2664 974 2729 stultitiam
992 2666 1135 2730 rhetoris

124 2755 240 2840 Attici,
264 2755 408 2838 quinon
432 2753 705 2836 animadverterit,
727 2753 917 2818 innocentes
940 2753 1016 2817 illos
1038 2757 1134 2817 natos

124 2845 229 2929 dorni,
253 2843 373 2908 scelere
397 2842 538 2906 admisso
562 2863 636 2907 oum
658 2841 767 2926 patria
789 2846 899 2906 essent
922 2840 1061 2924 expulsi,
1088 2861 1135 2903 re·

125 2937 237 3018 coptos
261 2953 331 2998 esse
355 2931 395 2995 ab
419 2929 683 2994 Atheniensibus.
730 2929 786 2993 sed
816 2929 956 2992 maxime
979 2928 1048 2992 eius
1072 2927 1169 2992 elo-4
1258 2999 1263 3008 ,

125 3021 258 3105 quentia
276 3019 380 3085 eluxit
394 3016 532 3104 Spartae
551 3018 654 3104 legati
673 3021 748 3081 ante
764 3037 909 3102 pugnam
923 3015 1136 3081 Leuctricam.

126 3130 190 3192 quo
214 3131 288 3174 cum
306 3108 451 3173 omnium
466 3107 629 3172 sociorum
644 3105 870 3170 convenissent
892 3105 1003 3189 legati,
1026 3126 1136 3170 eoram

124 3197 390 3280 frequentissimo
415 3195 645 3282 [legationum]
671 3197 832 3259 conventu
855 3192 902 3257 sic
924 3191 1136 3259 Lacedaemo·
1162 3201 1168 3218 ⁵

124 3286 255 3350 nicrum
282 3283 486 3366 tyrannidem
515 3282 678 3369 coarguit,
707 3285 834 3347 utnon
857 3281 964 3346 minus
987 3282 1044 3346 illa
1067 3303 1136 3346 ora-

124 3374 215 3437 tione
239 3392 316 3455 opes
341 3393 453 3436 eorum
476 3371 679 3436 concusserit
702 3391 801 3454 quam
823 3368 995 3435 Leuctrica
1018 3389 1136 3452 pugna.

123 3467 196 3527 turn
228 3460 315 3524 enim
346 3458 496 3542 perfecit,
529 3460 615 3541 quod
644 3463 721 3543 post
750 3458 916 3543 apparuit,
947 3461 984 3521 ut
1015 3455 1134 3518 auxilio

124 3546 399 3628 [Lacedaemonii]
425 3546 586 3612 sociorum
609 3547 825 3630 privarentur.
