<?xml version="1.0" encoding="UTF-8"?>
<!DOCTYPE html PUBLIC "-//W3C//DTD XHTML 1.0 Transitional//EN"
    "http://www.w3.org/TR/xhtml1/DTD/xhtml1-transitional.dtd">
<html xmlns="http://www.w3.org/1999/xhtml" xml:lang="en" lang="en">
 <head>
  <title>
</title>
<meta http-equiv="Content-Type" content="text/html;charset=utf-8" />
  <meta name='ocr-system' content='tesseract 3.04.00' />
  <meta name='ocr-capabilities' content='ocr_page ocr_carea ocr_par ocr_line ocrx_word'/>
</head>
<body>
  <div class='ocr_page' id='page_1' title='image "./corneliinepotis21nepogoog_0085.png"; bbox 0 0 2596 3910; ppageno 0'>
   <div class='ocr_carea' id='block_1_1' title="bbox 134 216 836 282">
    <p class='ocr_par' dir='ltr' id='par_1_1' title="bbox 134 216 836 282">
     <span class='ocr_line' id='line_1_1' title="bbox 134 216 836 282; baseline 0.003 -11"><span class='ocrx_word' id='word_1_1' title='bbox 134 219 177 282; x_wconf 76' lang='lat'><strong>&#39;14</strong></span> <span class='ocrx_word' id='word_1_2' title='bbox 442 217 542 274; x_wconf 83' lang='lat' dir='ltr'><strong>xvm.</strong></span> <span class='ocrx_word' id='word_1_3' title='bbox 560 216 739 274; x_wconf 80' lang='lat' dir='ltr'>EUMENES.</span> <span class='ocrx_word' id='word_1_4' title='bbox 767 223 792 273; x_wconf 80' lang='lat' dir='ltr'><strong>t.</strong></span> <span class='ocrx_word' id='word_1_5' title='bbox 811 223 836 273; x_wconf 80' lang='grc'><strong>6.</strong></span> 
     </span>
    </p>
   </div>
   <div class='ocr_carea' id='block_1_2' title="bbox 96 360 1143 3618">
    <p class='ocr_par' dir='ltr' id='par_1_2' title="bbox 96 360 1142 692">
     <span class='ocr_line' id='line_1_2' title="bbox 96 360 1142 448; baseline 0.001 -21"><span class='ocrx_word' id='word_1_6' title='bbox 96 361 220 448; x_wconf 75' lang='lat' dir='ltr'><strong>cgiae,</strong></span> <span class='ocrx_word' id='word_1_7' title='bbox 252 361 340 446; x_wconf 91' lang='lat' dir='ltr'><strong>quod</strong></span> <span class='ocrx_word' id='word_1_8' title='bbox 361 361 453 428; x_wconf 87' lang='lat' dir='ltr'><strong>Nora</strong></span> <span class='ocrx_word' id='word_1_9' title='bbox 480 361 677 447; x_wconf 86' lang='lat' dir='ltr'><strong>appellatur,</strong></span> <span class='ocrx_word' id='word_1_10' title='bbox 708 360 864 448; x_wconf 85' lang='lat' dir='ltr'><strong>confugit.</strong></span> <span class='ocrx_word' id='word_1_11' title='bbox 909 362 944 428; x_wconf 93' lang='lat' dir='ltr'><strong>in</strong></span> <span class='ocrx_word' id='word_1_12' title='bbox 971 383 1035 446; x_wconf 93' lang='lat' dir='ltr'><strong>quo</strong></span> <span class='ocrx_word' id='word_1_13' title='bbox 1064 385 1142 428; x_wconf 88' lang='lat' dir='ltr'><strong>curn</strong></span> 
     </span>
     <span class='ocr_line' id='line_1_3' title="bbox 132 449 1140 534; baseline 0.002 -18"><span class='ocrx_word' id='word_1_14' title='bbox 132 449 422 516; x_wconf 73' lang='lat' dir='ltr'><strong>circumsederetur</strong></span> <span class='ocrx_word' id='word_1_15' title='bbox 453 453 486 516; x_wconf 90' lang='lat' dir='ltr'><strong>et</strong></span> <span class='ocrx_word' id='word_1_16' title='bbox 516 453 699 534; x_wconf 83' lang='lat' dir='ltr'><strong>vereretur,</strong></span> <span class='ocrx_word' id='word_1_17' title='bbox 729 472 771 515; x_wconf 89' lang='lat' dir='ltr'><strong>ne</strong></span> <span class='ocrx_word' id='word_1_18' title='bbox 802 472 866 515; x_wconf 92' lang='lat' dir='ltr'><strong>uno</strong></span> <span class='ocrx_word' id='word_1_19' title='bbox 898 450 971 516; x_wconf 94' lang='lat' dir='ltr'><strong>loco</strong></span> <span class='ocrx_word' id='word_1_20' title='bbox 1004 471 1140 518; x_wconf 86' lang='lat' dir='ltr'><strong>manens</strong></span> 
     </span>
     <span class='ocr_line' id='line_1_4' title="bbox 133 537 1141 692; baseline -0.001 -88"><span class='ocrx_word' id='word_1_21' title='bbox 133 559 234 692; x_wconf 54' lang='lat' dir='ltr'><strong>{3¹ng</strong></span> <span class='ocrx_word' id='word_1_22' title='bbox 256 538 415 692; x_wconf 55' lang='lat' dir='ltr'><strong>ffiitpres</strong></span> <span class='ocrx_word' id='word_1_23' title='bbox 435 538 595 691; x_wconf 61' lang='lat' dir='ltr'><strong>ppipderet,</strong></span> <span class='ocrx_word' id='word_1_24' title='bbox 617 537 865 690; x_wconf 36' lang='lat' dir='ltr'><strong>&#39;quodbspatium</strong></span> <span class='ocrx_word' id='word_1_25' title='bbox 882 541 1055 692; x_wconf 59' lang='lat' dir='ltr'><strong>nonapsset</strong></span> <span class='ocrx_word' id='word_1_26' title='bbox 1063 540 1141 692; x_wconf 65' lang='lat' dir='ltr'><strong>pgi-</strong></span> 
     </span>
    </p>

    <p class='ocr_par' dir='ltr' id='par_1_3' title="bbox 132 647 1140 886">
     <span class='ocr_line' id='line_1_5' title="bbox 229 647 1140 712; baseline 0.001 -20"><span class='ocrx_word' id='word_1_27' title='bbox 229 678 238 712; x_wconf 94' lang='lat'><strong>,</strong></span> <span class='ocrx_word' id='word_1_28' title='bbox 358 649 415 692; x_wconf 91' lang='lat' dir='ltr'><strong>um</strong></span> <span class='ocrx_word' id='word_1_29' title='bbox 522 647 591 691; x_wconf 81' lang='lat' dir='ltr'><strong>erus</strong></span> <span class='ocrx_word' id='word_1_30' title='bbox 615 647 711 691; x_wconf 83' lang='lat' dir='ltr'><strong>mven</strong></span> <span class='ocrx_word' id='word_1_31' title='bbox 727 648 796 710; x_wconf 93' lang='lat' dir='ltr'><strong>um,</strong></span> <span class='ocrx_word' id='word_1_32' title='bbox 824 647 921 710; x_wconf 88' lang='lat' dir='ltr'><strong>quem</strong></span> <span class='ocrx_word' id='word_1_33' title='bbox 1007 648 1061 692; x_wconf 94' lang='lat' dir='ltr'><strong>mo</strong></span> <span class='ocrx_word' id='word_1_34' title='bbox 1083 649 1140 693; x_wconf 93' lang='lat' dir='ltr'><strong>um</strong></span> 
     </span>
     <span class='ocr_line' id='line_1_6' title="bbox 133 713 1138 800; baseline 0 -20"><span class='ocrx_word' id='word_1_35' title='bbox 133 719 226 780; x_wconf 88' lang='lat' dir='ltr'><strong>stans</strong></span> <span class='ocrx_word' id='word_1_36' title='bbox 258 715 439 781; x_wconf 90' lang='lat' dir='ltr'><strong>iumentum</strong></span> <span class='ocrx_word' id='word_1_37' title='bbox 466 713 649 780; x_wconf 83' lang='lat' dir='ltr'><strong>concalfieri</strong></span> <span class='ocrx_word' id='word_1_38' title='bbox 680 713 884 797; x_wconf 82' lang='lat' dir='ltr'><strong>exercerique</strong></span> <span class='ocrx_word' id='word_1_39' title='bbox 915 718 1042 799; x_wconf 89' lang='lat' dir='ltr'><strong>posset,</strong></span> <span class='ocrx_word' id='word_1_40' title='bbox 1074 736 1138 800; x_wconf 92' lang='lat' dir='ltr'><strong>quo</strong></span> 
     </span>
     <span class='ocr_line' id='line_1_7' title="bbox 132 802 1140 886; baseline 0 -18"><span class='ocrx_word' id='word_1_41' title='bbox 132 803 289 868; x_wconf 87' lang='lat' dir='ltr'><strong>libentius</strong></span> <span class='ocrx_word' id='word_1_42' title='bbox 312 807 346 868; x_wconf 88' lang='lat' dir='ltr'><strong>et</strong></span> <span class='ocrx_word' id='word_1_43' title='bbox 368 803 441 868; x_wconf 92' lang='lat' dir='ltr'><strong>cibo</strong></span> <span class='ocrx_word' id='word_1_44' title='bbox 463 805 611 867; x_wconf 89' lang='lat' dir='ltr'><strong>uteretur</strong></span> <span class='ocrx_word' id='word_1_45' title='bbox 634 805 668 867; x_wconf 91' lang='lat' dir='ltr'><strong>et</strong></span> <span class='ocrx_word' id='word_1_46' title='bbox 686 823 706 867; x_wconf 87' lang='lat' dir='ltr'><strong>a</strong></span> <span class='ocrx_word' id='word_1_47' title='bbox 724 802 870 886; x_wconf 88' lang='lat' dir='ltr'><strong>corporis</strong></span> <span class='ocrx_word' id='word_1_48' title='bbox 893 805 986 867; x_wconf 91' lang='lat' dir='ltr'><strong>motu</strong></span> <span class='ocrx_word' id='word_1_49' title='bbox 1007 823 1075 868; x_wconf 91' lang='lat' dir='ltr'><strong>non</strong></span> <span class='ocrx_word' id='word_1_50' title='bbox 1092 825 1140 868; x_wconf 89' lang='lat' dir='ltr'><strong>re·</strong></span> 
     </span>
    </p>

    <p class='ocr_par' dir='ltr' id='par_1_4' title="bbox 97 889 1141 1239">
     <span class='ocr_line' id='line_1_8' title="bbox 97 889 1139 976; baseline 0 -22"><span class='ocrx_word' id='word_1_51' title='bbox 97 894 326 956; x_wconf 76' lang='lat' dir='ltr'><strong>emoreretur.</strong></span> <span class='ocrx_word' id='word_1_52' title='bbox 368 889 612 976; x_wconf 73' lang='lat' dir='ltr'><strong>substringebat</strong></span> <span class='ocrx_word' id='word_1_53' title='bbox 635 893 733 974; x_wconf 87' lang='lat' dir='ltr'><strong>caput</strong></span> <span class='ocrx_word' id='word_1_54' title='bbox 755 890 825 954; x_wconf 89' lang='lat' dir='ltr'><strong>loro</strong></span> <span class='ocrx_word' id='word_1_55' title='bbox 850 889 958 974; x_wconf 89' lang='lat' dir='ltr'><strong>altius,</strong></span> <span class='ocrx_word' id='word_1_56' title='bbox 982 911 1079 974; x_wconf 86' lang='lat' dir='ltr'><strong>quam</strong></span> <span class='ocrx_word' id='word_1_57' title='bbox 1101 895 1139 955; x_wconf 90' lang='lat' dir='ltr'><strong>ut</strong></span> 
     </span>
     <span class='ocr_line' id='line_1_9' title="bbox 131 978 1139 1064; baseline 0.002 -22"><span class='ocrx_word' id='word_1_58' title='bbox 131 978 295 1062; x_wconf 83' lang='lat' dir='ltr'><strong>prioribus</strong></span> <span class='ocrx_word' id='word_1_59' title='bbox 314 978 450 1063; x_wconf 91' lang='lat' dir='ltr'><strong>pedibus</strong></span> <span class='ocrx_word' id='word_1_60' title='bbox 464 978 559 1062; x_wconf 89' lang='lat' dir='ltr'><strong>plene</strong></span> <span class='ocrx_word' id='word_1_61' title='bbox 573 982 694 1044; x_wconf 87' lang='lat' dir='ltr'><strong>terram</strong></span> <span class='ocrx_word' id='word_1_62' title='bbox 707 981 819 1062; x_wconf 90' lang='lat' dir='ltr'><strong>posset</strong></span> <span class='ocrx_word' id='word_1_63' title='bbox 833 978 1005 1064; x_wconf 88' lang='lat' dir='ltr'><strong>attingere,</strong></span> <span class='ocrx_word' id='word_1_64' title='bbox 1026 978 1139 1044; x_wconf 87' lang='lat' dir='ltr'><strong>deinde</strong></span> 
     </span>
     <span class='ocr_line' id='line_1_10' title="bbox 131 1065 1139 1151; baseline -0.001 -20"><span class='ocrx_word' id='word_1_65' title='bbox 131 1069 209 1150; x_wconf 86' lang='lat' dir='ltr'><strong>post</strong></span> <span class='ocrx_word' id='word_1_66' title='bbox 230 1065 420 1130; x_wconf 82' lang='lat' dir='ltr'><strong>verberibus</strong></span> <span class='ocrx_word' id='word_1_67' title='bbox 444 1067 582 1151; x_wconf 88' lang='lat' dir='ltr'><strong>cogebat</strong></span> <span class='ocrx_word' id='word_1_68' title='bbox 604 1066 766 1132; x_wconf 85' lang='lat' dir='ltr'><strong>exsultare</strong></span> <span class='ocrx_word' id='word_1_69' title='bbox 785 1069 819 1130; x_wconf 88' lang='lat' dir='ltr'><strong>ct</strong></span> <span class='ocrx_word' id='word_1_70' title='bbox 837 1065 941 1131; x_wconf 90' lang='lat' dir='ltr'><strong>calces</strong></span> <span class='ocrx_word' id='word_1_71' title='bbox 959 1066 1139 1132; x_wconf 76' lang='lat' dir='ltr'><strong>remittere:</strong></span> 
     </span>
     <span class='ocr_line' id='line_1_11' title="bbox 133 1152 1141 1239; baseline 0.001 -21"><span class='ocrx_word' id='word_1_72' title='bbox 133 1152 189 1238; x_wconf 92' lang='lat' dir='ltr'><strong>qui</strong></span> <span class='ocrx_word' id='word_1_73' title='bbox 216 1157 325 1218; x_wconf 93' lang='lat' dir='ltr'><strong>motus</strong></span> <span class='ocrx_word' id='word_1_74' title='bbox 352 1175 419 1218; x_wconf 93' lang='lat' dir='ltr'><strong>non</strong></span> <span class='ocrx_word' id='word_1_75' title='bbox 446 1154 553 1219; x_wconf 91' lang='lat' dir='ltr'><strong>minus</strong></span> <span class='ocrx_word' id='word_1_76' title='bbox 581 1154 731 1219; x_wconf 87' lang='lat' dir='ltr'><strong>sudorem</strong></span> <span class='ocrx_word' id='word_1_77' title='bbox 758 1153 957 1239; x_wconf 80' lang='lat' dir='ltr'><strong>excutiebat,</strong></span> <span class='ocrx_word' id='word_1_78' title='bbox 985 1175 1084 1238; x_wconf 86' lang='lat' dir='ltr'><strong>quem</strong></span> <span class='ocrx_word' id='word_1_79' title='bbox 1112 1155 1141 1220; x_wconf 90' lang='lat' dir='ltr'><strong>si</strong></span> 
     </span>
    </p>

    <p class='ocr_par' dir='ltr' id='par_1_5' title="bbox 97 1240 1140 1504">
     <span class='ocr_line' id='line_1_12' title="bbox 97 1240 1140 1326; baseline 0.003 -21"><span class='ocrx_word' id='word_1_80' title='bbox 97 1257 114 1305; x_wconf 84' lang='lat' dir='ltr'><strong>e</strong></span> <span class='ocrx_word' id='word_1_81' title='bbox 132 1240 168 1306; x_wconf 92' lang='lat' dir='ltr'><strong>in</strong></span> <span class='ocrx_word' id='word_1_82' title='bbox 190 1242 297 1326; x_wconf 86' lang='lat' dir='ltr'><strong>spatio</strong></span> <span class='ocrx_word' id='word_1_83' title='bbox 320 1242 511 1307; x_wconf 86' lang='lat' dir='ltr'><strong>decurreret</strong></span> <span class='ocrx_word' id='word_1_84' title='bbox 557 1263 620 1325; x_wconf 95' lang='lat' dir='ltr'><strong>quo</strong></span> <span class='ocrx_word' id='word_1_85' title='bbox 642 1241 768 1307; x_wconf 86' lang='lat' dir='ltr'><strong>factum</strong></span> <span class='ocrx_word' id='word_1_86' title='bbox 790 1245 856 1326; x_wconf 90' lang='lat' dir='ltr'><strong>est,</strong></span> <span class='ocrx_word' id='word_1_87' title='bbox 879 1242 965 1326; x_wconf 90' lang='lat' dir='ltr'><strong>quod</strong></span> <span class='ocrx_word' id='word_1_88' title='bbox 988 1243 1140 1308; x_wconf 89' lang='lat' dir='ltr'><strong>omnibus</strong></span> 
     </span>
     <span class='ocr_line' id='line_1_13' title="bbox 133 1330 1140 1415; baseline 0.001 -19"><span class='ocrx_word' id='word_1_89' title='bbox 133 1330 283 1396; x_wconf 89' lang='lat' dir='ltr'><strong>mirabile</strong></span> <span class='ocrx_word' id='word_1_90' title='bbox 302 1334 352 1396; x_wconf 87' lang='lat' dir='ltr'><strong>est</strong></span> <span class='ocrx_word' id='word_1_91' title='bbox 370 1330 485 1415; x_wconf 71' lang='lat' dir='ltr'><strong>meum,</strong></span> <span class='ocrx_word' id='word_1_92' title='bbox 502 1333 541 1395; x_wconf 93' lang='lat' dir='ltr'><strong>ut</strong></span> <span class='ocrx_word' id='word_1_93' title='bbox 555 1351 656 1414; x_wconf 90' lang='lat' dir='ltr'><strong>aeque</strong></span> <span class='ocrx_word' id='word_1_94' title='bbox 668 1330 773 1395; x_wconf 88' lang='lat' dir='ltr'><strong>nitida</strong></span> <span class='ocrx_word' id='word_1_95' title='bbox 786 1331 932 1395; x_wconf 86' lang='lat' dir='ltr'><strong>iumenta</strong></span> <span class='ocrx_word' id='word_1_96' title='bbox 945 1352 985 1395; x_wconf 84' lang='lat' dir='ltr'><strong>ex</strong></span> <span class='ocrx_word' id='word_1_97' title='bbox 1003 1331 1140 1398; x_wconf 88' lang='lat' dir='ltr'><strong>castello</strong></span> 
     </span>
     <span class='ocr_line' id='line_1_14' title="bbox 133 1417 1140 1504; baseline 0 -20"><span class='ocrx_word' id='word_1_98' title='bbox 133 1417 292 1504; x_wconf 89' lang='lat' dir='ltr'><strong>educeret,</strong></span> <span class='ocrx_word' id='word_1_99' title='bbox 314 1439 388 1484; x_wconf 90' lang='lat' dir='ltr'><strong>cum</strong></span> <span class='ocrx_word' id='word_1_100' title='bbox 410 1418 592 1502; x_wconf 86' lang='lat' dir='ltr'><strong>complures</strong></span> <span class='ocrx_word' id='word_1_101' title='bbox 615 1439 743 1484; x_wconf 91' lang='lat' dir='ltr'><strong>menses</strong></span> <span class='ocrx_word' id='word_1_102' title='bbox 766 1419 801 1483; x_wconf 93' lang='lat' dir='ltr'><strong>in</strong></span> <span class='ocrx_word' id='word_1_103' title='bbox 823 1419 991 1483; x_wconf 82' lang='lat' dir='ltr'><strong>obsidione</strong></span> <span class='ocrx_word' id='word_1_104' title='bbox 1013 1418 1140 1504; x_wconf 80' lang='lat' dir='ltr'><strong>fuisset,</strong></span> 
     </span>
    </p>

    <p class='ocr_par' dir='ltr' id='par_1_6' title="bbox 96 1506 1142 2189">
     <span class='ocr_line' id='line_1_15' title="bbox 96 1506 1141 1591; baseline 0.002 -19"><span class='ocrx_word' id='word_1_105' title='bbox 96 1521 171 1572; x_wconf 77' lang='lat' dir='ltr'><strong>&#39;rac</strong></span> <span class='ocrx_word' id='word_1_106' title='bbox 194 1507 223 1572; x_wconf 92' lang='lat' dir='ltr'><strong>si</strong></span> <span class='ocrx_word' id='word_1_107' title='bbox 245 1507 280 1572; x_wconf 89' lang='lat' dir='ltr'><strong>in</strong></span> <span class='ocrx_word' id='word_1_108' title='bbox 302 1506 539 1591; x_wconf 87' lang='lat' dir='ltr'><strong>campestribus</strong></span> <span class='ocrx_word' id='word_1_109' title='bbox 562 1527 601 1571; x_wconf 90' lang='lat' dir='ltr'><strong>ea</strong></span> <span class='ocrx_word' id='word_1_110' title='bbox 622 1506 703 1571; x_wconf 87' lang='lat' dir='ltr'><strong>locis</strong></span> <span class='ocrx_word' id='word_1_111' title='bbox 721 1506 899 1571; x_wconf 80' lang='lat' dir='ltr'><strong>habuisset.</strong></span> <span class='ocrx_word' id='word_1_112' title='bbox 933 1507 969 1570; x_wconf 92' lang='lat' dir='ltr'><strong>in</strong></span> <span class='ocrx_word' id='word_1_113' title='bbox 986 1506 1047 1573; x_wconf 88' lang='lat' dir='ltr'><strong>hec</strong></span> <span class='ocrx_word' id='word_1_114' title='bbox 1066 1529 1141 1573; x_wconf 92' lang='lat' dir='ltr'><strong>con·</strong></span> 
     </span>
     <span class='ocr_line' id='line_1_16' title="bbox 133 1594 1140 1678; baseline 0.001 -19"><span class='ocrx_word' id='word_1_115' title='bbox 133 1594 287 1678; x_wconf 86' lang='lat' dir='ltr'><strong>elusione,</strong></span> <span class='ocrx_word' id='word_1_116' title='bbox 310 1595 599 1678; x_wconf 87' lang='lat' dir='ltr'><strong>quotienscumque</strong></span> <span class='ocrx_word' id='word_1_117' title='bbox 621 1594 742 1677; x_wconf 83' lang='lat' dir='ltr'><strong>voluit,</strong></span> <span class='ocrx_word' id='word_1_118' title='bbox 765 1597 958 1678; x_wconf 89' lang='lat' dir='ltr'><strong>apparatum</strong></span> <span class='ocrx_word' id='word_1_119' title='bbox 981 1598 1015 1660; x_wconf 93' lang='lat' dir='ltr'><strong>et</strong></span> <span class='ocrx_word' id='word_1_120' title='bbox 1037 1597 1140 1660; x_wconf 91' lang='lat' dir='ltr'><strong>muni·</strong></span> 
     </span>
     <span class='ocr_line' id='line_1_17' title="bbox 132 1681 1141 1768; baseline 0.003 -22"><span class='ocrx_word' id='word_1_121' title='bbox 132 1681 238 1746; x_wconf 83' lang='lat' dir='ltr'><strong>tiones</strong></span> <span class='ocrx_word' id='word_1_122' title='bbox 261 1681 422 1768; x_wconf 85' lang='lat' dir='ltr'><strong>Antigoni</strong></span> <span class='ocrx_word' id='word_1_123' title='bbox 450 1683 531 1747; x_wconf 89' lang='lat' dir='ltr'><strong>alias</strong></span> <span class='ocrx_word' id='word_1_124' title='bbox 557 1682 715 1766; x_wconf 86' lang='lat' dir='ltr'><strong>incendit,</strong></span> <span class='ocrx_word' id='word_1_125' title='bbox 742 1681 824 1746; x_wconf 89' lang='lat' dir='ltr'><strong>alias</strong></span> <span class='ocrx_word' id='word_1_126' title='bbox 852 1681 988 1748; x_wconf 90' lang='lat' dir='ltr'><strong>disiecit.</strong></span> <span class='ocrx_word' id='word_1_127' title='bbox 1033 1685 1141 1749; x_wconf 89' lang='lat' dir='ltr'><strong>tenuit</strong></span> 
     </span>
     <span class='ocr_line' id='line_1_18' title="bbox 132 1769 1142 1855; baseline 0.002 -21"><span class='ocrx_word' id='word_1_128' title='bbox 132 1773 241 1834; x_wconf 88' lang='lat' dir='ltr'><strong>autem</strong></span> <span class='ocrx_word' id='word_1_129' title='bbox 265 1791 299 1834; x_wconf 89' lang='lat' dir='ltr'><strong>se</strong></span> <span class='ocrx_word' id='word_1_130' title='bbox 321 1792 387 1836; x_wconf 92' lang='lat' dir='ltr'><strong>uno</strong></span> <span class='ocrx_word' id='word_1_131' title='bbox 410 1771 497 1854; x_wconf 90' lang='lat' dir='ltr'><strong>loco,</strong></span> <span class='ocrx_word' id='word_1_132' title='bbox 520 1770 673 1855; x_wconf 80' lang='lat' dir='ltr'><strong>quamdiu</strong></span> <span class='ocrx_word' id='word_1_133' title='bbox 695 1770 800 1836; x_wconf 87' lang='lat' dir='ltr'><strong>hiems</strong></span> <span class='ocrx_word' id='word_1_134' title='bbox 823 1769 900 1855; x_wconf 80' lang='lat' dir='ltr'><strong>brit,</strong></span> <span class='ocrx_word' id='word_1_135' title='bbox 923 1770 1010 1854; x_wconf 92' lang='lat' dir='ltr'><strong>quod</strong></span> <span class='ocrx_word' id='word_1_136' title='bbox 1032 1775 1142 1836; x_wconf 82' lang='lat' dir='ltr'><strong>castra</strong></span> 
     </span>
     <span class='ocr_line' id='line_1_19' title="bbox 132 1857 1140 1944; baseline 0.002 -22"><span class='ocrx_word' id='word_1_137' title='bbox 132 1857 192 1922; x_wconf 90' lang='lat' dir='ltr'><strong>sub</strong></span> <span class='ocrx_word' id='word_1_138' title='bbox 222 1857 297 1924; x_wconf 80' lang='lat' dir='ltr'><strong>diro</strong></span> <span class='ocrx_word' id='word_1_139' title='bbox 329 1858 449 1923; x_wconf 91' lang='lat' dir='ltr'><strong>habere</strong></span> <span class='ocrx_word' id='word_1_140' title='bbox 475 1879 542 1923; x_wconf 93' lang='lat' dir='ltr'><strong>non</strong></span> <span class='ocrx_word' id='word_1_141' title='bbox 573 1862 711 1944; x_wconf 90' lang='lat' dir='ltr'><strong>poterat.</strong></span> <span class='ocrx_word' id='word_1_142' title='bbox 756 1880 812 1924; x_wconf 84' lang='lat' dir='ltr'><strong>ver</strong></span> <span class='ocrx_word' id='word_1_143' title='bbox 844 1858 1140 1944; x_wconf 79' lang='lat' dir='ltr'><strong>appropinquabat:</strong></span> 
     </span>
     <span class='ocr_line' id='line_1_20' title="bbox 132 1945 1141 2031; baseline 0.003 -20"><span class='ocrx_word' id='word_1_144' title='bbox 132 1945 288 2012; x_wconf 86' lang='lat' dir='ltr'><strong>simulata</strong></span> <span class='ocrx_word' id='word_1_145' title='bbox 300 1945 472 2031; x_wconf 88' lang='lat' dir='ltr'><strong>deditione,</strong></span> <span class='ocrx_word' id='word_1_146' title='bbox 495 1947 572 2012; x_wconf 90' lang='lat' dir='ltr'><strong>dum</strong></span> <span class='ocrx_word' id='word_1_147' title='bbox 586 1947 625 2012; x_wconf 93' lang='lat' dir='ltr'><strong>de</strong></span> <span class='ocrx_word' id='word_1_148' title='bbox 639 1947 882 2013; x_wconf 90' lang='lat' dir='ltr'><strong>condicionibus</strong></span> <span class='ocrx_word' id='word_1_149' title='bbox 901 1951 1032 2031; x_wconf 89' lang='lat' dir='ltr'><strong>tractat,</strong></span> <span class='ocrx_word' id='word_1_150' title='bbox 1049 1969 1141 2031; x_wconf 78' lang='lat' dir='ltr'><strong>prae</strong></span> 
     </span>
     <span class='ocr_line' id='line_1_21' title="bbox 132 2033 1142 2120; baseline 0.002 -21"><span class='ocrx_word' id='word_1_151' title='bbox 132 2033 228 2100; x_wconf 87' lang='lat' dir='ltr'><strong>fectis</strong></span> <span class='ocrx_word' id='word_1_152' title='bbox 242 2034 402 2120; x_wconf 81' lang='lat' dir='ltr'><strong>Antigoni</strong></span> <span class='ocrx_word' id='word_1_153' title='bbox 424 2035 582 2119; x_wconf 87' lang='lat' dir='ltr'><strong>imposuit</strong></span> <span class='ocrx_word' id='word_1_154' title='bbox 600 2057 698 2120; x_wconf 89' lang='lat' dir='ltr'><strong>seque</strong></span> <span class='ocrx_word' id='word_1_155' title='bbox 717 2058 754 2102; x_wconf 92' lang='lat' dir='ltr'><strong>ac</strong></span> <span class='ocrx_word' id='word_1_156' title='bbox 773 2057 849 2102; x_wconf 91' lang='lat' dir='ltr'><strong>suos</strong></span> <span class='ocrx_word' id='word_1_157' title='bbox 869 2055 979 2100; x_wconf 89' lang='lat' dir='ltr'><strong>omnes</strong></span> <span class='ocrx_word' id='word_1_158' title='bbox 998 2037 1142 2101; x_wconf 84' lang='lat' dir='ltr'><strong>extraxit</strong></span> 
     </span>
     <span class='ocr_line' id='line_1_22' title="bbox 132 2122 319 2189; baseline -0.011 0"><span class='ocrx_word' id='word_1_159' title='bbox 132 2122 319 2189; x_wconf 88' lang='lat' dir='ltr'><strong>incolumes.</strong></span> 
     </span>
    </p>

    <p class='ocr_par' dir='ltr' id='par_1_7' title="bbox 96 2210 1141 2473">
     <span class='ocr_line' id='line_1_23' title="bbox 96 2210 1140 2297; baseline 0.003 -23"><span class='ocrx_word' id='word_1_160' title='bbox 96 2211 118 2274; x_wconf 88' lang='lat'>6</span> <span class='ocrx_word' id='word_1_161' title='bbox 220 2211 273 2276; x_wconf 93' lang='lat' dir='ltr'><strong>Ad</strong></span> <span class='ocrx_word' id='word_1_162' title='bbox 294 2210 380 2277; x_wconf 88' lang='lat' dir='ltr'><strong>bunc</strong></span> <span class='ocrx_word' id='word_1_163' title='bbox 395 2210 574 2297; x_wconf 89' lang='lat' dir='ltr'><strong>Olympias,</strong></span> <span class='ocrx_word' id='word_1_164' title='bbox 597 2216 701 2277; x_wconf 85' lang='lat' dir='ltr'><strong>mater</strong></span> <span class='ocrx_word' id='word_1_165' title='bbox 726 2233 807 2296; x_wconf 86' lang='lat' dir='ltr'><strong>quae</strong></span> <span class='ocrx_word' id='word_1_166' title='bbox 830 2211 938 2276; x_wconf 85' lang='lat' dir='ltr'><strong>fuerat</strong></span> <span class='ocrx_word' id='word_1_167' title='bbox 951 2210 1140 2297; x_wconf 79' lang='lat' dir='ltr'><strong>Alexandri,</strong></span> 
     </span>
     <span class='ocr_line' id='line_1_24' title="bbox 133 2298 1141 2386; baseline 0.001 -22"><span class='ocrx_word' id='word_1_168' title='bbox 133 2321 207 2364; x_wconf 93' lang='lat' dir='ltr'><strong>cum</strong></span> <span class='ocrx_word' id='word_1_169' title='bbox 229 2299 357 2364; x_wconf 89' lang='lat' dir='ltr'><strong>litteras</strong></span> <span class='ocrx_word' id='word_1_170' title='bbox 381 2303 415 2363; x_wconf 91' lang='lat' dir='ltr'><strong>et</strong></span> <span class='ocrx_word' id='word_1_171' title='bbox 432 2301 565 2366; x_wconf 92' lang='lat' dir='ltr'><strong>nuntios</strong></span> <span class='ocrx_word' id='word_1_172' title='bbox 589 2300 733 2364; x_wconf 89' lang='lat' dir='ltr'><strong>misisset</strong></span> <span class='ocrx_word' id='word_1_173' title='bbox 755 2300 790 2364; x_wconf 92' lang='lat' dir='ltr'><strong>in</strong></span> <span class='ocrx_word' id='word_1_174' title='bbox 807 2298 922 2363; x_wconf 87' lang='lat' dir='ltr'><strong>Asiam</strong></span> <span class='ocrx_word' id='word_1_175' title='bbox 945 2299 1141 2386; x_wconf 91' lang='lat' dir='ltr'><strong>consultum,</strong></span> 
     </span>
     <span class='ocr_line' id='line_1_25' title="bbox 132 2385 1141 2473; baseline 0.002 -21"><span class='ocrx_word' id='word_1_176' title='bbox 132 2391 243 2452; x_wconf 88' lang='lat' dir='ltr'><strong>utrum</strong></span> <span class='ocrx_word' id='word_1_177' title='bbox 265 2409 300 2451; x_wconf 88' lang='lat' dir='ltr'><strong>re</strong></span> <span class='ocrx_word' id='word_1_178' title='bbox 324 2387 442 2452; x_wconf 89' lang='lat' dir='ltr'><strong>etitum</strong></span> <span class='ocrx_word' id='word_1_179' title='bbox 459 2388 523 2453; x_wconf 88' lang='lat' dir='ltr'><strong>iret</strong></span> <span class='ocrx_word' id='word_1_180' title='bbox 538 2387 761 2452; x_wconf 89' lang='lat' dir='ltr'><strong>Macedoniam</strong></span> <span class='ocrx_word' id='word_1_181' title='bbox 784 2385 873 2473; x_wconf 84' lang='lat' dir='ltr'><strong>(nam</strong></span> <span class='ocrx_word' id='word_1_182' title='bbox 895 2389 967 2450; x_wconf 90' lang='lat' dir='ltr'><strong>tum</strong></span> <span class='ocrx_word' id='word_1_183' title='bbox 989 2385 1141 2471; x_wconf 81' lang='lat' dir='ltr'><strong>inEpiro</strong></span> 
     </span>
    </p>

    <p class='ocr_par' dir='ltr' id='par_1_8' title="bbox 96 2409 1142 2826">
     <span class='ocr_line' id='line_1_26' title="bbox 96 2409 1141 2571; baseline 0.001 -32"><span class='ocrx_word' id='word_1_184' title='bbox 96 2409 322 2560; x_wconf 68' lang='lat' dir='ltr'><strong>ababitabatl</strong></span> <span class='ocrx_word' id='word_1_185' title='bbox 343 2479 377 2540; x_wconf 91' lang='lat' dir='ltr'><strong>et</strong></span> <span class='ocrx_word' id='word_1_186' title='bbox 405 2497 480 2540; x_wconf 89' lang='lat' dir='ltr'><strong>suas</strong></span> <span class='ocrx_word' id='word_1_187' title='bbox 507 2497 559 2542; x_wconf 91' lang='lat' dir='ltr'><strong>res</strong></span> <span class='ocrx_word' id='word_1_188' title='bbox 587 2478 772 2558; x_wconf 87' lang='lat' dir='ltr'><strong>occuparet,</strong></span> <span class='ocrx_word' id='word_1_189' title='bbox 803 2473 879 2539; x_wconf 90' lang='lat' dir='ltr'><strong>huic</strong></span> <span class='ocrx_word' id='word_1_190' title='bbox 910 2473 966 2539; x_wconf 92' lang='lat' dir='ltr'><strong>ille</strong></span> <span class='ocrx_word' id='word_1_191' title='bbox 997 2474 1141 2571; x_wconf 90' lang='lat' dir='ltr'><strong>primum</strong></span> 
     </span>
     <span class='ocr_line' id='line_1_27' title="bbox 133 2561 1142 2648; baseline 0 -20"><span class='ocrx_word' id='word_1_192' title='bbox 133 2561 245 2646; x_wconf 86' lang='lat' dir='ltr'><strong>suasit,</strong></span> <span class='ocrx_word' id='word_1_193' title='bbox 267 2584 308 2628; x_wconf 90' lang='lat' dir='ltr'><strong>ne</strong></span> <span class='ocrx_word' id='word_1_194' title='bbox 332 2585 367 2628; x_wconf 92' lang='lat' dir='ltr'><strong>se</strong></span> <span class='ocrx_word' id='word_1_195' title='bbox 390 2568 535 2628; x_wconf 84' lang='lat' dir='ltr'><strong>moveret</strong></span> <span class='ocrx_word' id='word_1_196' title='bbox 558 2567 591 2628; x_wconf 90' lang='lat' dir='ltr'><strong>et</strong></span> <span class='ocrx_word' id='word_1_197' title='bbox 609 2566 820 2648; x_wconf 88' lang='lat' dir='ltr'><strong>exspectaret,</strong></span> <span class='ocrx_word' id='word_1_198' title='bbox 843 2563 949 2647; x_wconf 85' lang='lat' dir='ltr'><strong>quoad</strong></span> <span class='ocrx_word' id='word_1_199' title='bbox 963 2561 1142 2629; x_wconf 85' lang='lat' dir='ltr'><strong>Alexandri</strong></span> 
     </span>
     <span class='ocr_line' id='line_1_28' title="bbox 132 2649 1141 2738; baseline 0.002 -23"><span class='ocrx_word' id='word_1_200' title='bbox 132 2649 219 2716; x_wconf 87' lang='lat' dir='ltr'><strong>filius</strong></span> <span class='ocrx_word' id='word_1_201' title='bbox 242 2671 380 2738; x_wconf 89' lang='lat' dir='ltr'><strong>regnum</strong></span> <span class='ocrx_word' id='word_1_202' title='bbox 403 2652 649 2736; x_wconf 86' lang='lat' dir='ltr'><strong>adipisceretur;</strong></span> <span class='ocrx_word' id='word_1_203' title='bbox 680 2652 732 2718; x_wconf 91' lang='lat' dir='ltr'><strong>sin</strong></span> <span class='ocrx_word' id='word_1_204' title='bbox 759 2652 869 2736; x_wconf 85' lang='lat' dir='ltr'><strong>aliqua</strong></span> <span class='ocrx_word' id='word_1_205' title='bbox 891 2651 1069 2736; x_wconf 89' lang='lat' dir='ltr'><strong>cupiditate</strong></span> <span class='ocrx_word' id='word_1_206' title='bbox 1092 2673 1141 2717; x_wconf 88' lang='lat' dir='ltr'><strong>ra·</strong></span> 
     </span>
     <span class='ocr_line' id='line_1_29' title="bbox 133 2738 1141 2826; baseline 0.002 -22"><span class='ocrx_word' id='word_1_207' title='bbox 133 2743 265 2824; x_wconf 90' lang='lat' dir='ltr'><strong>peretur</strong></span> <span class='ocrx_word' id='word_1_208' title='bbox 282 2739 318 2805; x_wconf 94' lang='lat' dir='ltr'><strong>in</strong></span> <span class='ocrx_word' id='word_1_209' title='bbox 339 2738 572 2826; x_wconf 85' lang='lat' dir='ltr'><strong>Macedoniam,</strong></span> <span class='ocrx_word' id='word_1_210' title='bbox 595 2741 841 2807; x_wconf 83' lang='lat' dir='ltr'><strong>oblivisceretur</strong></span> <span class='ocrx_word' id='word_1_211' title='bbox 864 2740 1008 2806; x_wconf 91' lang='lat' dir='ltr'><strong>omnium</strong></span> <span class='ocrx_word' id='word_1_212' title='bbox 1030 2741 1141 2806; x_wconf 91' lang='lat' dir='ltr'><strong>iniuri-</strong></span> 
     </span>
    </p>

    <p class='ocr_par' dir='ltr' id='par_1_9' title="bbox 98 2827 1143 3618">
     <span class='ocr_line' id='line_1_30' title="bbox 98 2827 1140 2913; baseline 0.002 -21"><span class='ocrx_word' id='word_1_213' title='bbox 98 2843 227 2892; x_wconf 82' lang='lat' dir='ltr'><strong>eerum</strong></span> <span class='ocrx_word' id='word_1_214' title='bbox 249 2831 283 2894; x_wconf 90' lang='lat' dir='ltr'><strong>et</strong></span> <span class='ocrx_word' id='word_1_215' title='bbox 304 2828 340 2892; x_wconf 92' lang='lat' dir='ltr'><strong>in</strong></span> <span class='ocrx_word' id='word_1_216' title='bbox 361 2828 523 2894; x_wconf 90' lang='lat' dir='ltr'><strong>neminem</strong></span> <span class='ocrx_word' id='word_1_217' title='bbox 546 2829 710 2894; x_wconf 88' lang='lat' dir='ltr'><strong>acerbiore</strong></span> <span class='ocrx_word' id='word_1_218' title='bbox 733 2833 881 2895; x_wconf 89' lang='lat' dir='ltr'><strong>uteretur</strong></span> <span class='ocrx_word' id='word_1_219' title='bbox 902 2827 1049 2913; x_wconf 86' lang='lat' dir='ltr'><strong>imperio.</strong></span> <span class='ocrx_word' id='word_1_220' title='bbox 1084 2828 1140 2894; x_wconf 90' lang='lat' dir='ltr'><strong>ho-</strong></span> 
     </span>
     <span class='ocr_line' id='line_1_31' title="bbox 133 2915 1141 3001; baseline 0.001 -20"><span class='ocrx_word' id='word_1_221' title='bbox 133 2937 208 2981; x_wconf 87' lang='lat' dir='ltr'><strong>rum</strong></span> <span class='ocrx_word' id='word_1_222' title='bbox 230 2916 288 2981; x_wconf 90' lang='lat' dir='ltr'><strong>illa</strong></span> <span class='ocrx_word' id='word_1_223' title='bbox 308 2915 392 2981; x_wconf 89' lang='lat' dir='ltr'><strong>nihil</strong></span> <span class='ocrx_word' id='word_1_224' title='bbox 413 2916 505 2982; x_wconf 85' lang='lat' dir='ltr'><strong>fecit:</strong></span> <span class='ocrx_word' id='word_1_225' title='bbox 536 2938 613 2982; x_wconf 85' lang='lat' dir='ltr'><strong>nam</strong></span> <span class='ocrx_word' id='word_1_226' title='bbox 636 2921 670 2982; x_wconf 89' lang='lat' dir='ltr'><strong>et</strong></span> <span class='ocrx_word' id='word_1_227' title='bbox 692 2918 727 2981; x_wconf 95' lang='lat' dir='ltr'><strong>in</strong></span> <span class='ocrx_word' id='word_1_228' title='bbox 749 2916 973 2982; x_wconf 85' lang='lat' dir='ltr'><strong>Macedoniam</strong></span> <span class='ocrx_word' id='word_1_229' title='bbox 994 2916 1141 3001; x_wconf 88' lang='lat' dir='ltr'><strong>profecta</strong></span> 
     </span>
     <span class='ocr_line' id='line_1_32' title="bbox 134 3003 1140 3090; baseline 0.001 -23"><span class='ocrx_word' id='word_1_230' title='bbox 134 3007 186 3068; x_wconf 90' lang='lat' dir='ltr'><strong>est</strong></span> <span class='ocrx_word' id='word_1_231' title='bbox 212 3007 246 3068; x_wconf 91' lang='lat' dir='ltr'><strong>et</strong></span> <span class='ocrx_word' id='word_1_232' title='bbox 274 3003 322 3069; x_wconf 93' lang='lat' dir='ltr'><strong>ibi</strong></span> <span class='ocrx_word' id='word_1_233' title='bbox 352 3005 572 3070; x_wconf 90' lang='lat' dir='ltr'><strong>crudelissime</strong></span> <span class='ocrx_word' id='word_1_234' title='bbox 604 3027 638 3070; x_wconf 90' lang='lat' dir='ltr'><strong>se</strong></span> <span class='ocrx_word' id='word_1_235' title='bbox 670 3005 782 3090; x_wconf 89' lang='lat' dir='ltr'><strong>gessit.</strong></span> <span class='ocrx_word' id='word_1_236' title='bbox 810 3005 925 3089; x_wconf 86' lang='lat' dir='ltr'><strong>petiit</strong></span> <span class='ocrx_word' id='word_1_237' title='bbox 956 3009 1066 3070; x_wconf 86' lang='lat' dir='ltr'><strong>autem</strong></span> <span class='ocrx_word' id='word_1_238' title='bbox 1098 3005 1140 3068; x_wconf 90' lang='lat' dir='ltr'><strong>ab</strong></span> 
     </span>
     <span class='ocr_line' id='line_1_33' title="bbox 133 3090 1141 3178; baseline 0.004 -24"><span class='ocrx_word' id='word_1_239' title='bbox 133 3090 279 3157; x_wconf 83' lang='lat' dir='ltr'><strong>Eumene</strong></span> <span class='ocrx_word' id='word_1_240' title='bbox 303 3092 450 3178; x_wconf 91' lang='lat' dir='ltr'><strong>absente,</strong></span> <span class='ocrx_word' id='word_1_241' title='bbox 476 3115 517 3159; x_wconf 94' lang='lat' dir='ltr'><strong>ne</strong></span> <span class='ocrx_word' id='word_1_242' title='bbox 539 3097 707 3176; x_wconf 90' lang='lat' dir='ltr'><strong>pateretur</strong></span> <span class='ocrx_word' id='word_1_243' title='bbox 730 3092 875 3177; x_wconf 92' lang='lat' dir='ltr'><strong>Philippi</strong></span> <span class='ocrx_word' id='word_1_244' title='bbox 898 3092 1012 3158; x_wconf 90' lang='lat' dir='ltr'><strong>domus</strong></span> <span class='ocrx_word' id='word_1_245' title='bbox 1036 3115 1074 3158; x_wconf 90' lang='lat' dir='ltr'><strong>ac</strong></span> <span class='ocrx_word' id='word_1_246' title='bbox 1096 3092 1141 3158; x_wconf 87' lang='lat' dir='ltr'><strong>fa-</strong></span> 
     </span>
     <span class='ocr_line' id='line_1_34' title="bbox 134 3177 1142 3266; baseline 0.001 -23"><span class='ocrx_word' id='word_1_247' title='bbox 134 3177 244 3244; x_wconf 84' lang='lat' dir='ltr'><strong>miliae</strong></span> <span class='ocrx_word' id='word_1_248' title='bbox 258 3179 503 3247; x_wconf 90' lang='lat' dir='ltr'><strong>inimicissimos</strong></span> <span class='ocrx_word' id='word_1_249' title='bbox 518 3181 655 3266; x_wconf 87' lang='lat' dir='ltr'><strong>stirpem</strong></span> <span class='ocrx_word' id='word_1_250' title='bbox 669 3202 797 3265; x_wconf 93' lang='lat' dir='ltr'><strong>quoque</strong></span> <span class='ocrx_word' id='word_1_251' title='bbox 816 3180 1011 3265; x_wconf 91' lang='lat' dir='ltr'><strong>interimere,</strong></span> <span class='ocrx_word' id='word_1_252' title='bbox 1028 3180 1142 3246; x_wconf 79' lang='lat' dir='ltr'><strong>ferret-</strong></span> 
     </span>
     <span class='ocr_line' id='line_1_35' title="bbox 98 3267 1142 3354; baseline 0 -22"><span class='ocrx_word' id='word_1_253' title='bbox 98 3287 198 3352; x_wconf 59' lang='lat' dir='ltr'><strong>eque</strong></span> <span class='ocrx_word' id='word_1_254' title='bbox 226 3288 321 3354; x_wconf 89' lang='lat' dir='ltr'><strong>opem</strong></span> <span class='ocrx_word' id='word_1_255' title='bbox 348 3269 462 3335; x_wconf 90' lang='lat' dir='ltr'><strong>liberis</strong></span> <span class='ocrx_word' id='word_1_256' title='bbox 484 3267 669 3336; x_wconf 87' lang='lat' dir='ltr'><strong>Alexandri</strong></span> <span class='ocrx_word' id='word_1_257' title='bbox 715 3291 812 3353; x_wconf 86' lang='lat' dir='ltr'><strong>quam</strong></span> <span class='ocrx_word' id='word_1_258' title='bbox 834 3268 962 3334; x_wconf 79' lang='lat' dir='ltr'><strong>veniam</strong></span> <span class='ocrx_word' id='word_1_259' title='bbox 985 3269 1014 3334; x_wconf 90' lang='lat' dir='ltr'><strong>si</strong></span> <span class='ocrx_word' id='word_1_260' title='bbox 1041 3268 1142 3352; x_wconf 87' lang='lat' dir='ltr'><strong>deret,</strong></span> 
     </span>
     <span class='ocr_line' id='line_1_36' title="bbox 136 3355 1142 3442; baseline 0.001 -21"><span class='ocrx_word' id='word_1_261' title='bbox 136 3355 402 3441; x_wconf 89' lang='lat' dir='ltr'><strong>quamprimum</strong></span> <span class='ocrx_word' id='word_1_262' title='bbox 429 3358 589 3424; x_wconf 88' lang='lat' dir='ltr'><strong>exercitus</strong></span> <span class='ocrx_word' id='word_1_263' title='bbox 615 3361 760 3442; x_wconf 88' lang='lat' dir='ltr'><strong>pararet,</strong></span> <span class='ocrx_word' id='word_1_264' title='bbox 792 3378 873 3441; x_wconf 90' lang='lat' dir='ltr'><strong>quos</strong></span> <span class='ocrx_word' id='word_1_265' title='bbox 901 3356 965 3420; x_wconf 88' lang='lat' dir='ltr'><strong>sibi</strong></span> <span class='ocrx_word' id='word_1_266' title='bbox 997 3357 1142 3422; x_wconf 86' lang='lat' dir='ltr'><strong>subsidio</strong></span> 
     </span>
     <span class='ocr_line' id='line_1_37' title="bbox 136 3443 1143 3529; baseline -0.001 -20"><span class='ocrx_word' id='word_1_267' title='bbox 136 3444 316 3512; x_wconf 82' lang='lat' dir='ltr'><strong>adduceret</strong></span> <span class='ocrx_word' id='word_1_268' title='bbox 361 3445 395 3510; x_wconf 87' lang='lat' dir='ltr'><strong>id</strong></span> <span class='ocrx_word' id='word_1_269' title='bbox 418 3467 481 3529; x_wconf 95' lang='lat' dir='ltr'><strong>quo</strong></span> <span class='ocrx_word' id='word_1_270' title='bbox 508 3445 637 3511; x_wconf 88' lang='lat' dir='ltr'><strong>facilius</strong></span> <span class='ocrx_word' id='word_1_271' title='bbox 660 3444 794 3528; x_wconf 84' lang='lat' dir='ltr'><strong>faceret,</strong></span> <span class='ocrx_word' id='word_1_272' title='bbox 821 3465 856 3510; x_wconf 90' lang='lat' dir='ltr'><strong>se</strong></span> <span class='ocrx_word' id='word_1_273' title='bbox 879 3443 1030 3509; x_wconf 90' lang='lat' dir='ltr'><strong>omnibus</strong></span> <span class='ocrx_word' id='word_1_274' title='bbox 1052 3465 1143 3527; x_wconf 86' lang='lat' dir='ltr'><strong>prae-</strong></span> 
     </span>
     <span class='ocr_line' id='line_1_38' title="bbox 135 3530 1143 3618; baseline 0 -24"><span class='ocrx_word' id='word_1_275' title='bbox 135 3531 242 3618; x_wconf 83' lang='lat' dir='ltr'><strong>fectis,</strong></span> <span class='ocrx_word' id='word_1_276' title='bbox 264 3533 320 3617; x_wconf 91' lang='lat' dir='ltr'><strong>qui</strong></span> <span class='ocrx_word' id='word_1_277' title='bbox 342 3533 377 3596; x_wconf 92' lang='lat' dir='ltr'><strong>in</strong></span> <span class='ocrx_word' id='word_1_278' title='bbox 400 3533 507 3598; x_wconf 90' lang='lat' dir='ltr'><strong>officio</strong></span> <span class='ocrx_word' id='word_1_279' title='bbox 531 3534 718 3616; x_wconf 88' lang='lat' dir='ltr'><strong>manebant,</strong></span> <span class='ocrx_word' id='word_1_280' title='bbox 742 3531 869 3595; x_wconf 88' lang='lat' dir='ltr'><strong>misisse</strong></span> <span class='ocrx_word' id='word_1_281' title='bbox 891 3530 1029 3613; x_wconf 88' lang='lat' dir='ltr'><strong>litteras,</strong></span> <span class='ocrx_word' id='word_1_282' title='bbox 1051 3535 1090 3592; x_wconf 89' lang='lat' dir='ltr'><strong>ut</strong></span> <span class='ocrx_word' id='word_1_283' title='bbox 1112 3532 1143 3594; x_wconf 92' lang='lat' dir='ltr'><strong>ei</strong></span> 
     </span>
    </p>
   </div>
   <div class='ocr_carea' id='block_1_3' title="bbox 0 0 1304 3910">
    <p class='ocr_par' dir='ltr' id='par_1_10' title="bbox 0 0 1304 3910">
     <span class='ocr_line' id='line_1_39' title="bbox 0 0 1304 3910; baseline 0 0"><span class='ocrx_word' id='word_1_284' title='bbox 0 0 1304 3910; x_wconf 95' lang='lat' dir='ltr'><strong> </strong></span> 
     </span>
    </p>
   </div>
  </div>
 </body>
</html>
