<?xml version="1.0" encoding="UTF-8"?>
<!DOCTYPE html PUBLIC "-//W3C//DTD XHTML 1.0 Transitional//EN"
    "http://www.w3.org/TR/xhtml1/DTD/xhtml1-transitional.dtd">
<html xmlns="http://www.w3.org/1999/xhtml" xml:lang="en" lang="en">
 <head>
  <title>
</title>
<meta http-equiv="Content-Type" content="text/html;charset=utf-8" />
  <meta name='ocr-system' content='tesseract 3.04.00' />
  <meta name='ocr-capabilities' content='ocr_page ocr_carea ocr_par ocr_line ocrx_word'/>
</head>
<body>
  <div class='ocr_page' id='page_1' title='image "./corneliinepotis21nepogoog_0074.png"; bbox 0 0 2596 3910; ppageno 0'>
   <div class='ocr_carea' id='block_1_1' title="bbox 445 192 1152 300">
    <p class='ocr_par' dir='ltr' id='par_1_1' title="bbox 445 192 1152 300">
     <span class='ocr_line' id='line_1_1' title="bbox 445 192 1152 300; baseline 0.007 -14"><span class='ocrx_word' id='word_1_1' title='bbox 445 231 517 288; x_wconf 82' lang='lat' dir='ltr'>xvr.</span> <span class='ocrx_word' id='word_1_2' title='bbox 536 192 743 288; x_wconf 75' lang='lat' dir='ltr'>resonans.</span> <span class='ocrx_word' id='word_1_3' title='bbox 773 239 850 289; x_wconf 81' lang='grc'><strong>1-1.</strong></span> <span class='ocrx_word' id='word_1_4' title='bbox 1109 235 1152 300; x_wconf 83' lang='grc'>63</span> 
     </span>
    </p>
   </div>
   <div class='ocr_carea' id='block_1_2' title="bbox 57 376 1189 2682">
    <p class='ocr_par' dir='ltr' id='par_1_2' title="bbox 142 376 1186 991">
     <span class='ocr_line' id='line_1_2' title="bbox 145 376 1152 461; baseline 0.002 -19"><span class='ocrx_word' id='word_1_5' title='bbox 145 377 231 461; x_wconf 90' lang='lat' dir='ltr'>quod</span> <span class='ocrx_word' id='word_1_6' title='bbox 254 377 414 460; x_wconf 74' lang='lat' dir='ltr'>susceptis</span> <span class='ocrx_word' id='word_1_7' title='bbox 433 376 614 441; x_wconf 89' lang='lat' dir='ltr'>inimicitiis</span> <span class='ocrx_word' id='word_1_8' title='bbox 634 377 737 443; x_wconf 89' lang='lat' dir='ltr'>satius</span> <span class='ocrx_word' id='word_1_9' title='bbox 756 378 917 444; x_wconf 72' lang='lat' dir='ltr'>ducebant</span> <span class='ocrx_word' id='word_1_10' title='bbox 937 399 991 444; x_wconf 87' lang='lat' dir='ltr'>eos</span> <span class='ocrx_word' id='word_1_11' title='bbox 1011 379 1152 444; x_wconf 82' lang='lat' dir='ltr'><strong>obsideri</strong></span> 
     </span>
     <span class='ocr_line' id='line_1_3' title="bbox 145 464 1152 549; baseline 0.002 -19"><span class='ocrx_word' id='word_1_12' title='bbox 145 487 242 548; x_wconf 88' lang='lat' dir='ltr'>quam</span> <span class='ocrx_word' id='word_1_13' title='bbox 264 465 405 530; x_wconf 91' lang='lat' dir='ltr'>liberari.</span> <span class='ocrx_word' id='word_1_14' title='bbox 439 486 516 529; x_wconf 88' lang='lat' dir='ltr'>narn</span> <span class='ocrx_word' id='word_1_15' title='bbox 534 468 611 548; x_wconf 90' lang='lat' dir='ltr'>post</span> <span class='ocrx_word' id='word_1_16' title='bbox 624 464 897 549; x_wconf 71' lang='lat' dir='ltr'>Peloponnesium</span> <span class='ocrx_word' id='word_1_17' title='bbox 915 467 1038 532; x_wconf 90' lang='lat' dir='ltr'>bellum</span> <span class='ocrx_word' id='word_1_18' title='bbox 1052 466 1152 532; x_wconf 81' lang='lat' dir='ltr'>Athe-</span> 
     </span>
     <span class='ocr_line' id='line_1_4' title="bbox 142 552 1151 637; baseline 0 -19"><span class='ocrx_word' id='word_1_19' title='bbox 142 575 265 637; x_wconf 88' lang='lat' dir='ltr'>rrasque</span> <span class='ocrx_word' id='word_1_20' title='bbox 293 553 437 618; x_wconf 82' lang='lat' dir='ltr'>devictas</span> <span class='ocrx_word' id='word_1_21' title='bbox 466 574 539 618; x_wconf 90' lang='lat' dir='ltr'>cum</span> <span class='ocrx_word' id='word_1_22' title='bbox 566 552 729 618; x_wconf 80' lang='lat' dir='ltr'>Thebanis</span> <span class='ocrx_word' id='word_1_23' title='bbox 758 555 821 620; x_wconf 90' lang='lat' dir='ltr'>sibi</span> <span class='ocrx_word' id='word_1_24' title='bbox 848 577 917 619; x_wconf 92' lang='lat' dir='ltr'>rem</span> <span class='ocrx_word' id='word_1_25' title='bbox 945 576 1015 620; x_wconf 88' lang='lat' dir='ltr'>osse</span> <span class='ocrx_word' id='word_1_26' title='bbox 1044 555 1151 619; x_wconf 92' lang='lat' dir='ltr'>existi·</span> 
     </span>
     <span class='ocr_line' id='line_1_5' title="bbox 143 641 1150 726; baseline 0.002 -20"><span class='ocrx_word' id='word_1_27' title='bbox 143 642 277 706; x_wconf 80' lang='lat' dir='ltr'>mebant</span> <span class='ocrx_word' id='word_1_28' title='bbox 309 645 343 706; x_wconf 89' lang='lat' dir='ltr'>et</span> <span class='ocrx_word' id='word_1_29' title='bbox 370 662 425 706; x_wconf 89' lang='lat' dir='ltr'>eos</span> <span class='ocrx_word' id='word_1_30' title='bbox 458 662 528 705; x_wconf 85' lang='lat' dir='ltr'>esse</span> <span class='ocrx_word' id='word_1_31' title='bbox 561 641 663 725; x_wconf 90' lang='lat' dir='ltr'>solos,</span> <span class='ocrx_word' id='word_1_32' title='bbox 695 642 751 726; x_wconf 91' lang='lat' dir='ltr'>qui</span> <span class='ocrx_word' id='word_1_33' title='bbox 783 643 936 710; x_wconf 85' lang='lat' dir='ltr'>adversus</span> <span class='ocrx_word' id='word_1_34' title='bbox 969 665 1003 708; x_wconf 93' lang='lat' dir='ltr'>se</span> <span class='ocrx_word' id='word_1_35' title='bbox 1037 643 1150 708; x_wconf 81' lang='lat' dir='ltr'>sistere</span> 
     </span>
     <span class='ocr_line' id='line_1_6' title="bbox 143 729 1186 815; baseline 0.002 -21"><span class='ocrx_word' id='word_1_36' title='bbox 143 729 306 794; x_wconf 76' lang='lat' dir='ltr'>auderent.</span> <span class='ocrx_word' id='word_1_37' title='bbox 352 729 413 794; x_wconf 92' lang='lat' dir='ltr'>hac</span> <span class='ocrx_word' id='word_1_38' title='bbox 436 733 544 794; x_wconf 90' lang='lat' dir='ltr'>mente</span> <span class='ocrx_word' id='word_1_39' title='bbox 568 729 681 795; x_wconf 87' lang='lat' dir='ltr'>amicis</span> <span class='ocrx_word' id='word_1_40' title='bbox 705 731 772 795; x_wconf 90' lang='lat' dir='ltr'>suis</span> <span class='ocrx_word' id='word_1_41' title='bbox 796 753 939 796; x_wconf 88' lang='lat' dir='ltr'>summas</span> <span class='ocrx_word' id='word_1_42' title='bbox 968 734 1150 815; x_wconf 86' lang='lat' dir='ltr'>potestates</span> <span class='ocrx_word' id='word_1_43' title='bbox 1169 749 1186 797; x_wconf 76' lang='lat' dir='ltr'>r</span> 
     </span>
     <span class='ocr_line' id='line_1_7' title="bbox 143 817 1150 904; baseline 0.002 -22"><span class='ocrx_word' id='word_1_44' title='bbox 143 818 297 882; x_wconf 90' lang='lat' dir='ltr'>dederant</span> <span class='ocrx_word' id='word_1_45' title='bbox 320 817 518 901; x_wconf 87' lang='lat' dir='ltr'>alteriusque</span> <span class='ocrx_word' id='word_1_46' title='bbox 541 817 693 883; x_wconf 85' lang='lat' dir='ltr'>factionis</span> <span class='ocrx_word' id='word_1_47' title='bbox 716 818 879 904; x_wconf 90' lang='lat' dir='ltr'>principes</span> <span class='ocrx_word' id='word_1_48' title='bbox 901 819 1024 904; x_wconf 89' lang='lat' dir='ltr'>partim</span> <span class='ocrx_word' id='word_1_49' title='bbox 1053 819 1150 884; x_wconf 90' lang='lat' dir='ltr'>inter-</span> 
     </span>
     <span class='ocr_line' id='line_1_8' title="bbox 142 905 1151 991; baseline 0.003 -22"><span class='ocrx_word' id='word_1_50' title='bbox 142 905 300 989; x_wconf 87' lang='lat' dir='ltr'>fecerant,</span> <span class='ocrx_word' id='word_1_51' title='bbox 324 905 405 970; x_wconf 89' lang='lat' dir='ltr'>ahos</span> <span class='ocrx_word' id='word_1_52' title='bbox 432 906 467 970; x_wconf 92' lang='lat' dir='ltr'>in</span> <span class='ocrx_word' id='word_1_53' title='bbox 494 905 628 970; x_wconf 86' lang='lat' dir='ltr'>exilium</span> <span class='ocrx_word' id='word_1_54' title='bbox 654 906 828 971; x_wconf 89' lang='lat' dir='ltr'>eiecerant:</span> <span class='ocrx_word' id='word_1_55' title='bbox 860 907 895 971; x_wconf 88' lang='lat' dir='ltr'>in</span> <span class='ocrx_word' id='word_1_56' title='bbox 918 907 1036 991; x_wconf 90' lang='lat' dir='ltr'>quibus</span> <span class='ocrx_word' id='word_1_57' title='bbox 1059 907 1151 972; x_wconf 91' lang='lat' dir='ltr'>Pelo·</span> 
     </span>
    </p>

    <p class='ocr_par' dir='ltr' id='par_1_3' title="bbox 81 993 1150 1146">
     <span class='ocr_line' id='line_1_9' title="bbox 81 993 1150 1080; baseline 0.002 -22"><span class='ocrx_word' id='word_1_58' title='bbox 81 1009 85 1015; x_wconf 83' lang='lat'><em>&#39;</em></span> <span class='ocrx_word' id='word_1_59' title='bbox 142 994 234 1078; x_wconf 88' lang='lat' dir='ltr'>pidas</span> <span class='ocrx_word' id='word_1_60' title='bbox 254 993 318 1077; x_wconf 90' lang='lat' dir='ltr'>hic,</span> <span class='ocrx_word' id='word_1_61' title='bbox 340 994 378 1058; x_wconf 90' lang='lat' dir='ltr'>de</span> <span class='ocrx_word' id='word_1_62' title='bbox 398 1015 461 1077; x_wconf 92' lang='lat' dir='ltr'>quo</span> <span class='ocrx_word' id='word_1_63' title='bbox 482 994 622 1060; x_wconf 89' lang='lat' dir='ltr'>scribere</span> <span class='ocrx_word' id='word_1_64' title='bbox 641 996 748 1059; x_wconf 84' lang='lat' dir='ltr'>exorsi</span> <span class='ocrx_word' id='word_1_65' title='bbox 767 1017 887 1080; x_wconf 91' lang='lat' dir='ltr'>sumus,</span> <span class='ocrx_word' id='word_1_66' title='bbox 910 996 1023 1080; x_wconf 89' lang='lat' dir='ltr'>pulsus</span> <span class='ocrx_word' id='word_1_67' title='bbox 1043 999 1101 1079; x_wconf 88' lang='lat' dir='ltr'>pat</span> <span class='ocrx_word' id='word_1_68' title='bbox 1086 995 1150 1060; x_wconf 90' lang='lat' dir='ltr'>tria</span> 
     </span>
     <span class='ocr_line' id='line_1_10' title="bbox 143 1083 283 1146; baseline -0.008 0"><span class='ocrx_word' id='word_1_69' title='bbox 143 1083 283 1146; x_wconf 86' lang='lat' dir='ltr'>carebat.</span> 
     </span>
    </p>

    <p class='ocr_par' dir='ltr' id='par_1_4' title="bbox 141 1143 1189 1695">
     <span class='ocr_line' id='line_1_11' title="bbox 231 1143 1189 1255; baseline 0.004 -23"><span class='ocrx_word' id='word_1_70' title='bbox 231 1168 276 1232; x_wconf 92' lang='lat' dir='ltr'>Hi</span> <span class='ocrx_word' id='word_1_71' title='bbox 299 1191 410 1234; x_wconf 90' lang='lat' dir='ltr'>omnes</span> <span class='ocrx_word' id='word_1_72' title='bbox 433 1169 500 1234; x_wconf 86' lang='lat' dir='ltr'>fere</span> <span class='ocrx_word' id='word_1_73' title='bbox 523 1169 671 1235; x_wconf 86' lang='lat' dir='ltr'>Athenas</span> <span class='ocrx_word' id='word_1_74' title='bbox 695 1192 729 1234; x_wconf 88' lang='grc'>11</span> <span class='ocrx_word' id='word_1_75' title='bbox 753 1143 974 1255; x_wconf 79' lang='lat' dir='ltr'>contulerant,</span> <span class='ocrx_word' id='word_1_76' title='bbox 995 1193 1062 1236; x_wconf 92' lang='lat' dir='ltr'>non</span> <span class='ocrx_word' id='word_1_77' title='bbox 1085 1193 1148 1254; x_wconf 93' lang='lat' dir='ltr'>quo</span> <span class='ocrx_word' id='word_1_78' title='bbox 1168 1180 1189 1245; x_wconf 83' lang='lat'>2</span> 
     </span>
     <span class='ocr_line' id='line_1_12' title="bbox 143 1258 1150 1342; baseline 0.001 -20"><span class='ocrx_word' id='word_1_79' title='bbox 143 1261 354 1340; x_wconf 87' lang='lat' dir='ltr'>sequerentur</span> <span class='ocrx_word' id='word_1_80' title='bbox 381 1258 498 1342; x_wconf 90' lang='lat' dir='ltr'>otium,</span> <span class='ocrx_word' id='word_1_81' title='bbox 527 1259 583 1321; x_wconf 93' lang='lat' dir='ltr'>sed</span> <span class='ocrx_word' id='word_1_82' title='bbox 610 1261 661 1342; x_wconf 93' lang='lat' dir='ltr'>ut,</span> <span class='ocrx_word' id='word_1_83' title='bbox 689 1277 785 1341; x_wconf 87' lang='lat' dir='ltr'>quem</span> <span class='ocrx_word' id='word_1_84' title='bbox 809 1280 847 1322; x_wconf 86' lang='lat' dir='ltr'>ex</span> <span class='ocrx_word' id='word_1_85' title='bbox 869 1259 1018 1342; x_wconf 86' lang='lat' dir='ltr'>proximo</span> <span class='ocrx_word' id='word_1_86' title='bbox 1041 1259 1150 1323; x_wconf 91' lang='lat' dir='ltr'>locum</span> 
     </span>
     <span class='ocr_line' id='line_1_13' title="bbox 141 1345 1184 1430; baseline 0 -20"><span class='ocrx_word' id='word_1_87' title='bbox 141 1346 210 1410; x_wconf 89' lang='lat' dir='ltr'>fors</span> <span class='ocrx_word' id='word_1_88' title='bbox 229 1345 288 1410; x_wconf 88' lang='lat' dir='ltr'>obt</span> <span class='ocrx_word' id='word_1_89' title='bbox 274 1345 413 1429; x_wconf 86' lang='lat' dir='ltr'>tulisset,</span> <span class='ocrx_word' id='word_1_90' title='bbox 436 1367 475 1410; x_wconf 89' lang='lat' dir='ltr'>eo</span> <span class='ocrx_word' id='word_1_91' title='bbox 498 1345 640 1429; x_wconf 90' lang='lat' dir='ltr'>patriam</span> <span class='ocrx_word' id='word_1_92' title='bbox 658 1367 848 1430; x_wconf 87' lang='lat' dir='ltr'>recuperare</span> <span class='ocrx_word' id='word_1_93' title='bbox 865 1346 1056 1410; x_wconf 86' lang='lat' dir='ltr'>niterentur.</span> <span class='ocrx_word' id='word_1_94' title='bbox 1090 1347 1150 1410; x_wconf 87' lang='lat' dir='ltr'>ita·</span> <span class='ocrx_word' id='word_1_95' title='bbox 1169 1372 1184 1420; x_wconf 77' lang='lat'>2</span> 
     </span>
     <span class='ocr_line' id='line_1_14' title="bbox 142 1433 1149 1519; baseline 0 -21"><span class='ocrx_word' id='word_1_96' title='bbox 142 1456 203 1518; x_wconf 92' lang='lat' dir='ltr'>que</span> <span class='ocrx_word' id='word_1_97' title='bbox 220 1455 294 1499; x_wconf 91' lang='lat' dir='ltr'>cum</span> <span class='ocrx_word' id='word_1_98' title='bbox 308 1437 437 1518; x_wconf 90' lang='lat' dir='ltr'>tempus</span> <span class='ocrx_word' id='word_1_99' title='bbox 452 1438 539 1498; x_wconf 88' lang='lat' dir='ltr'>esset</span> <span class='ocrx_word' id='word_1_100' title='bbox 552 1433 659 1498; x_wconf 83' lang='lat' dir='ltr'>visum</span> <span class='ocrx_word' id='word_1_101' title='bbox 677 1434 724 1497; x_wconf 89' lang='lat' dir='ltr'>rei</span> <span class='ocrx_word' id='word_1_102' title='bbox 743 1434 910 1519; x_wconf 86' lang='lat' dir='ltr'>gerendae,</span> <span class='ocrx_word' id='word_1_103' title='bbox 934 1433 1149 1499; x_wconf 89' lang='lat' dir='ltr'>communiter</span> 
     </span>
     <span class='ocr_line' id='line_1_15' title="bbox 141 1521 1149 1608; baseline -0.002 -20"><span class='ocrx_word' id='word_1_104' title='bbox 141 1545 215 1588; x_wconf 92' lang='lat' dir='ltr'>cum</span> <span class='ocrx_word' id='word_1_105' title='bbox 237 1523 287 1606; x_wconf 91' lang='lat' dir='ltr'>iis,</span> <span class='ocrx_word' id='word_1_106' title='bbox 311 1522 367 1605; x_wconf 90' lang='lat' dir='ltr'>qui</span> <span class='ocrx_word' id='word_1_107' title='bbox 385 1521 506 1586; x_wconf 81' lang='lat' dir='ltr'>Thebis</span> <span class='ocrx_word' id='word_1_108' title='bbox 529 1522 616 1587; x_wconf 88' lang='lat' dir='ltr'>idem</span> <span class='ocrx_word' id='word_1_109' title='bbox 635 1521 828 1606; x_wconf 87' lang='lat' dir='ltr'>sentiebant,</span> <span class='ocrx_word' id='word_1_110' title='bbox 851 1523 937 1586; x_wconf 87' lang='lat' dir='ltr'>diem</span> <span class='ocrx_word' id='word_1_111' title='bbox 960 1522 1149 1608; x_wconf 87' lang='lat' dir='ltr'>delegarunt</span> 
     </span>
     <span class='ocr_line' id='line_1_16' title="bbox 141 1609 1148 1712; baseline -0.001 -37"><span class='ocrx_word' id='word_1_112' title='bbox 141 1611 181 1675; x_wconf 91' lang='lat' dir='ltr'>ad</span> <span class='ocrx_word' id='word_1_113' title='bbox 194 1609 344 1676; x_wconf 90' lang='lat' dir='ltr'>inimicos</span> <span class='ocrx_word' id='word_1_114' title='bbox 359 1611 587 1712; x_wconf 83' lang='lat' dir='ltr'>opprimendos</span> <span class='ocrx_word' id='word_1_115' title='bbox 603 1611 717 1676; x_wconf 84' lang='lat' dir='ltr'>civitat</span> <span class='ocrx_word' id='word_1_116' title='bbox 683 1615 833 1694; x_wconf 88' lang='lat' dir='ltr'>atemque</span> <span class='ocrx_word' id='word_1_117' title='bbox 847 1610 1048 1675; x_wconf 85' lang='lat' dir='ltr'>liberandam</span> <span class='ocrx_word' id='word_1_118' title='bbox 1065 1631 1148 1695; x_wconf 91' lang='lat' dir='ltr'>eum,</span> 
     </span>
    </p>

    <p class='ocr_par' dir='ltr' id='par_1_5' title="bbox 57 1699 1182 2664">
     <span class='ocr_line' id='line_1_17' title="bbox 57 1699 1147 1784; baseline 0 -22"><span class='ocrx_word' id='word_1_119' title='bbox 57 1739 61 1750; x_wconf 90' lang='lat'>·</span> <span class='ocrx_word' id='word_1_120' title='bbox 141 1721 205 1782; x_wconf 93' lang='lat' dir='ltr'>quo</span> <span class='ocrx_word' id='word_1_121' title='bbox 243 1699 375 1762; x_wconf 86' lang='lat' dir='ltr'>maximi</span> <span class='ocrx_word' id='word_1_122' title='bbox 412 1699 624 1784; x_wconf 87' lang='lat' dir='ltr'>magistratus</span> <span class='ocrx_word' id='word_1_123' title='bbox 657 1699 754 1764; x_wconf 85' lang='lat' dir='ltr'>simul</span> <span class='ocrx_word' id='word_1_124' title='bbox 787 1703 982 1764; x_wconf 88' lang='lat' dir='ltr'>consuerant</span> <span class='ocrx_word' id='word_1_125' title='bbox 1014 1699 1147 1784; x_wconf 89' lang='lat' dir='ltr'>epulari.</span> 
     </span>
     <span class='ocr_line' id='line_1_18' title="bbox 140 1787 1182 1960; baseline 0.002 -22"><span class='ocrx_word' id='word_1_126' title='bbox 140 1787 1006 1960; x_wconf 46' lang='grc' dir='ltr'><strong>1118111εὲ1116111111111111811181111</strong></span> <span class='ocrx_word' id='word_1_127' title='bbox 1026 1791 1182 1940; x_wconf 47' lang='lat' dir='ltr'>thid?</span> 
     </span>
     <span class='ocr_line' id='line_1_19' title="bbox 141 1961 1148 2046; baseline -0.001 -19"><span class='ocrx_word' id='word_1_128' title='bbox 141 1982 219 2046; x_wconf 89' lang='lat' dir='ltr'>opes</span> <span class='ocrx_word' id='word_1_129' title='bbox 252 1965 329 2026; x_wconf 87' lang='lat' dir='ltr'>sant</span> <span class='ocrx_word' id='word_1_130' title='bbox 359 1961 513 2046; x_wconf 88' lang='lat' dir='ltr'>profligat</span> <span class='ocrx_word' id='word_1_131' title='bbox 515 1983 560 2024; x_wconf 90' lang='lat' dir='ltr'>ae.</span> <span class='ocrx_word' id='word_1_132' title='bbox 605 1982 682 2025; x_wconf 88' lang='lat' dir='ltr'>nam</span> <span class='ocrx_word' id='word_1_133' title='bbox 713 1962 882 2026; x_wconf 88' lang='lat' dir='ltr'>duodecim</span> <span class='ocrx_word' id='word_1_134' title='bbox 914 1963 1148 2027; x_wconf 86' lang='lat' dir='ltr'>adulescentuli</span> 
     </span>
     <span class='ocr_line' id='line_1_20' title="bbox 141 2048 1147 2132; baseline 0 -18"><span class='ocrx_word' id='word_1_135' title='bbox 141 2050 289 2115; x_wconf 86' lang='lat' dir='ltr'>coierunt</span> <span class='ocrx_word' id='word_1_136' title='bbox 312 2070 351 2112; x_wconf 87' lang='lat' dir='ltr'>ex</span> <span class='ocrx_word' id='word_1_137' title='bbox 373 2048 423 2132; x_wconf 90' lang='lat' dir='ltr'>iis,</span> <span class='ocrx_word' id='word_1_138' title='bbox 447 2049 504 2131; x_wconf 87' lang='lat' dir='ltr'>qui</span> <span class='ocrx_word' id='word_1_139' title='bbox 526 2048 623 2112; x_wconf 86' lang='lat' dir='ltr'>exilio</span> <span class='ocrx_word' id='word_1_140' title='bbox 647 2053 740 2112; x_wconf 93' lang='lat' dir='ltr'>erant</span> <span class='ocrx_word' id='word_1_141' title='bbox 758 2049 842 2112; x_wconf 90' lang='lat' dir='ltr'>mult</span> <span class='ocrx_word' id='word_1_142' title='bbox 828 2049 900 2132; x_wconf 89' lang='lat' dir='ltr'>tati,</span> <span class='ocrx_word' id='word_1_143' title='bbox 923 2070 997 2113; x_wconf 87' lang='lat' dir='ltr'>cum</span> <span class='ocrx_word' id='word_1_144' title='bbox 1016 2050 1147 2114; x_wconf 87' lang='lat' dir='ltr'>omnino</span> 
     </span>
     <span class='ocr_line' id='line_1_21' title="bbox 139 2099 1148 2238; baseline -0.003 -35"><span class='ocrx_word' id='word_1_145' title='bbox 139 2160 206 2204; x_wconf 90' lang='lat' dir='ltr'>non</span> <span class='ocrx_word' id='word_1_146' title='bbox 238 2140 348 2202; x_wconf 90' lang='lat' dir='ltr'>essent</span> <span class='ocrx_word' id='word_1_147' title='bbox 378 2099 518 2238; x_wconf 80' lang='lat' dir='ltr'>arhplius</span> <span class='ocrx_word' id='word_1_148' title='bbox 552 2139 625 2201; x_wconf 90' lang='lat' dir='ltr'>cent</span> <span class='ocrx_word' id='word_1_149' title='bbox 625 2157 694 2219; x_wconf 91' lang='lat' dir='ltr'>um,</span> <span class='ocrx_word' id='word_1_150' title='bbox 727 2136 783 2218; x_wconf 89' lang='lat' dir='ltr'>qui</span> <span class='ocrx_word' id='word_1_151' title='bbox 810 2139 904 2200; x_wconf 91' lang='lat' dir='ltr'>tanto</span> <span class='ocrx_word' id='word_1_152' title='bbox 885 2158 966 2200; x_wconf 88' lang='lat' dir='ltr'>ose</span> <span class='ocrx_word' id='word_1_153' title='bbox 996 2136 1148 2202; x_wconf 87' lang='lat' dir='ltr'>offerrent</span> 
     </span>
     <span class='ocr_line' id='line_1_22' title="bbox 138 2187 1148 2326; baseline -0.002 -35"><span class='ocrx_word' id='word_1_154' title='bbox 138 2225 293 2312; x_wconf 83' lang='lat' dir='ltr'>pericula</span> <span class='ocrx_word' id='word_1_155' title='bbox 329 2247 393 2309; x_wconf 91' lang='lat' dir='ltr'>qua</span> <span class='ocrx_word' id='word_1_156' title='bbox 406 2225 571 2326; x_wconf 80' lang='lat' dir='ltr'>paucitate</span> <span class='ocrx_word' id='word_1_157' title='bbox 590 2187 739 2325; x_wconf 81' lang='lat' dir='ltr'>perculsa</span> <span class='ocrx_word' id='word_1_158' title='bbox 753 2227 803 2288; x_wconf 91' lang='lat' dir='ltr'>est</span> <span class='ocrx_word' id='word_1_159' title='bbox 817 2223 1148 2289; x_wconf 87' lang='lat' dir='ltr'>Lacedaemoniorum</span> 
     </span>
     <span class='ocr_line' id='line_1_23' title="bbox 139 2312 1182 2415; baseline -0.002 -35"><span class='ocrx_word' id='word_1_160' title='bbox 139 2315 295 2400; x_wconf 90' lang='lat' dir='ltr'>potentia.</span> <span class='ocrx_word' id='word_1_161' title='bbox 341 2314 365 2378; x_wconf 87' lang='lat' dir='ltr'>ii</span> <span class='ocrx_word' id='word_1_162' title='bbox 393 2313 479 2378; x_wconf 89' lang='lat' dir='ltr'>enim</span> <span class='ocrx_word' id='word_1_163' title='bbox 505 2335 572 2378; x_wconf 87' lang='lat' dir='ltr'>non</span> <span class='ocrx_word' id='word_1_164' title='bbox 601 2313 706 2398; x_wconf 87' lang='lat' dir='ltr'>magis</span> <span class='ocrx_word' id='word_1_165' title='bbox 730 2313 989 2377; x_wconf 86' lang='lat' dir='ltr'>adversariorum</span> <span class='ocrx_word' id='word_1_166' title='bbox 1011 2312 1088 2378; x_wconf 86' lang='lat' dir='ltr'>fact</span> <span class='ocrx_word' id='word_1_167' title='bbox 1064 2314 1182 2415; x_wconf 56' lang='lat' dir='ltr'>tronis</span> 
     </span>
     <span class='ocr_line' id='line_1_24' title="bbox 140 2400 1147 2505; baseline -0.002 -37"><span class='ocrx_word' id='word_1_168' title='bbox 140 2425 240 2505; x_wconf 81' lang='lat' dir='ltr'>quam</span> <span class='ocrx_word' id='word_1_169' title='bbox 266 2400 436 2486; x_wconf 86' lang='lat' dir='ltr'>Spartanis</span> <span class='ocrx_word' id='word_1_170' title='bbox 464 2423 502 2467; x_wconf 91' lang='lat' dir='ltr'>eo</span> <span class='ocrx_word' id='word_1_171' title='bbox 530 2405 677 2484; x_wconf 90' lang='lat' dir='ltr'>tempore</span> <span class='ocrx_word' id='word_1_172' title='bbox 708 2401 872 2466; x_wconf 91' lang='lat' dir='ltr'>bellum</span> <span class='ocrx_word' id='word_1_173' title='bbox 863 2424 897 2465; x_wconf 94' lang='lat' dir='ltr'>m</span> <span class='ocrx_word' id='word_1_174' title='bbox 898 2403 1058 2504; x_wconf 80' lang='lat' dir='ltr'>tulenmt,</span> <span class='ocrx_word' id='word_1_175' title='bbox 1090 2404 1147 2487; x_wconf 91' lang='lat' dir='ltr'>qui</span> 
     </span>
     <span class='ocr_line' id='line_1_25' title="bbox 139 2487 1146 2643; baseline -0.001 -87"><span class='ocrx_word' id='word_1_176' title='bbox 139 2492 301 2643; x_wconf 89' lang='lat' dir='ltr'>principes</span> <span class='ocrx_word' id='word_1_177' title='bbox 324 2495 418 2555; x_wconf 89' lang='lat' dir='ltr'>erant</span> <span class='ocrx_word' id='word_1_178' title='bbox 440 2490 501 2555; x_wconf 84' lang='grc'>111</span> <span class='ocrx_word' id='word_1_179' title='bbox 477 2494 543 2555; x_wconf 87' lang='lat' dir='ltr'>trus</span> <span class='ocrx_word' id='word_1_180' title='bbox 567 2487 735 2554; x_wconf 84' lang='lat' dir='ltr'>Graeciae:</span> <span class='ocrx_word' id='word_1_181' title='bbox 763 2511 902 2573; x_wconf 90' lang='lat' dir='ltr'>quorum</span> <span class='ocrx_word' id='word_1_182' title='bbox 929 2491 1058 2575; x_wconf 91' lang='lat' dir='ltr'>imperii</span> <span class='ocrx_word' id='word_1_183' title='bbox 1081 2514 1146 2555; x_wconf 91' lang='grc'><strong>1111-</strong></span> 
     </span>
     <span class='ocr_line' id='line_1_26' title="bbox 139 2577 1146 2682; baseline 0 -38"><span class='ocrx_word' id='word_1_184' title='bbox 139 2581 203 2682; x_wconf 80' lang='lat' dir='ltr'>iest</span> <span class='ocrx_word' id='word_1_185' title='bbox 205 2601 249 2662; x_wconf 96' lang='grc'>11,</span> <span class='ocrx_word' id='word_1_186' title='bbox 262 2600 375 2662; x_wconf 90' lang='lat' dir='ltr'>neque</span> <span class='ocrx_word' id='word_1_187' title='bbox 398 2579 446 2642; x_wconf 90' lang='lat' dir='ltr'>ita</span> <span class='ocrx_word' id='word_1_188' title='bbox 469 2579 573 2642; x_wconf 88' lang='lat' dir='ltr'>multo</span> <span class='ocrx_word' id='word_1_189' title='bbox 597 2581 683 2662; x_wconf 89' lang='lat' dir='ltr'>post,</span> <span class='ocrx_word' id='word_1_190' title='bbox 660 2577 877 2643; x_wconf 88' lang='lat' dir='ltr'>tLouctrica</span> <span class='ocrx_word' id='word_1_191' title='bbox 894 2601 1005 2680; x_wconf 80' lang='lat' dir='ltr'>pugna</span> <span class='ocrx_word' id='word_1_192' title='bbox 1023 2581 1064 2644; x_wconf 90' lang='lat' dir='ltr'>ab</span> <span class='ocrx_word' id='word_1_193' title='bbox 1083 2579 1146 2644; x_wconf 90' lang='lat' dir='ltr'>hoc</span> 
     </span>
    </p>
   </div>
   <div class='ocr_carea' id='block_1_3' title="bbox 135 2753 1184 3636">
    <p class='ocr_par' dir='ltr' id='par_1_6' title="bbox 135 2753 1184 3636">
     <span class='ocr_line' id='line_1_27' title="bbox 139 2753 1146 2838; baseline -0.002 -18"><span class='ocrx_word' id='word_1_194' title='bbox 139 2756 204 2820; x_wconf 89' lang='lat' dir='ltr'>dux</span> <span class='ocrx_word' id='word_1_195' title='bbox 227 2759 298 2818; x_wconf 90' lang='lat' dir='ltr'>erat</span> <span class='ocrx_word' id='word_1_196' title='bbox 315 2753 496 2838; x_wconf 88' lang='lat' dir='ltr'>Pelopidas,</span> <span class='ocrx_word' id='word_1_197' title='bbox 521 2755 621 2836; x_wconf 91' lang='lat' dir='ltr'>[cum]</span> <span class='ocrx_word' id='word_1_198' title='bbox 641 2753 781 2818; x_wconf 83' lang='lat' dir='ltr'>Athenis</span> <span class='ocrx_word' id='word_1_199' title='bbox 800 2753 942 2817; x_wconf 89' lang='lat' dir='ltr'>interdiu</span> <span class='ocrx_word' id='word_1_200' title='bbox 967 2755 1146 2838; x_wconf 86' lang='lat' dir='ltr'>[exissent],</span> 
     </span>
     <span class='ocr_line' id='line_1_28' title="bbox 139 2841 1146 2927; baseline -0.005 -18"><span class='ocrx_word' id='word_1_201' title='bbox 139 2847 177 2909; x_wconf 90' lang='lat' dir='ltr'>ut</span> <span class='ocrx_word' id='word_1_202' title='bbox 199 2847 444 2927; x_wconf 84' lang='lat' dir='ltr'>vesperascente</span> <span class='ocrx_word' id='word_1_203' title='bbox 463 2841 551 2906; x_wconf 90' lang='lat' dir='ltr'>caelo</span> <span class='ocrx_word' id='word_1_204' title='bbox 566 2841 695 2906; x_wconf 84' lang='lat' dir='ltr'>Thebas</span> <span class='ocrx_word' id='word_1_205' title='bbox 717 2845 853 2926; x_wconf 88' lang='lat' dir='ltr'>possent</span> <span class='ocrx_word' id='word_1_206' title='bbox 875 2841 1052 2925; x_wconf 87' lang='lat' dir='ltr'>pervenire,</span> <span class='ocrx_word' id='word_1_207' title='bbox 1073 2864 1146 2905; x_wconf 92' lang='lat' dir='ltr'>cum</span> 
     </span>
     <span class='ocr_line' id='line_1_29' title="bbox 139 2929 1147 3015; baseline -0.005 -17"><span class='ocrx_word' id='word_1_208' title='bbox 139 2933 273 2998; x_wconf 88' lang='lat' dir='ltr'>canibus</span> <span class='ocrx_word' id='word_1_209' title='bbox 283 2931 440 2996; x_wconf 84' lang='lat' dir='ltr'>venaticis</span> <span class='ocrx_word' id='word_1_210' title='bbox 450 2931 608 3014; x_wconf 83' lang='lat' dir='ltr'>exienmt,</span> <span class='ocrx_word' id='word_1_211' title='bbox 621 2929 704 2994; x_wconf 88' lang='lat' dir='ltr'>retia</span> <span class='ocrx_word' id='word_1_212' title='bbox 717 2929 868 3014; x_wconf 84' lang='lat' dir='ltr'>ferentes,</span> <span class='ocrx_word' id='word_1_213' title='bbox 882 2929 1005 2994; x_wconf 83' lang='lat' dir='ltr'>vestitu</span> <span class='ocrx_word' id='word_1_214' title='bbox 1015 2931 1147 3015; x_wconf 85' lang='lat' dir='ltr'>agresti,</span> 
     </span>
     <span class='ocr_line' id='line_1_30' title="bbox 139 3017 1146 3105; baseline -0.003 -19"><span class='ocrx_word' id='word_1_215' title='bbox 139 3044 203 3105; x_wconf 94' lang='lat' dir='ltr'>quo</span> <span class='ocrx_word' id='word_1_216' title='bbox 231 3020 356 3086; x_wconf 91' lang='lat' dir='ltr'>minore</span> <span class='ocrx_word' id='word_1_217' title='bbox 384 3019 566 3105; x_wconf 91' lang='lat' dir='ltr'>suspicione</span> <span class='ocrx_word' id='word_1_218' title='bbox 594 3017 738 3082; x_wconf 88' lang='lat' dir='ltr'>facerent</span> <span class='ocrx_word' id='word_1_219' title='bbox 764 3019 836 3082; x_wconf 93' lang='lat' dir='ltr'>iter.</span> <span class='ocrx_word' id='word_1_220' title='bbox 883 3018 939 3101; x_wconf 92' lang='lat' dir='ltr'>qui</span> <span class='ocrx_word' id='word_1_221' title='bbox 967 3039 1040 3082; x_wconf 89' lang='lat' dir='ltr'>oum</span> <span class='ocrx_word' id='word_1_222' title='bbox 1068 3021 1146 3083; x_wconf 90' lang='lat' dir='ltr'>tem-</span> 
     </span>
     <span class='ocr_line' id='line_1_31' title="bbox 138 3105 1146 3259; baseline -0.002 -85"><span class='ocrx_word' id='word_1_223' title='bbox 138 3131 217 3193; x_wconf 92' lang='lat' dir='ltr'>pore</span> <span class='ocrx_word' id='word_1_224' title='bbox 239 3109 320 3259; x_wconf 76' lang='lat' dir='ltr'>ipso,</span> <span class='ocrx_word' id='word_1_225' title='bbox 343 3129 408 3193; x_wconf 90' lang='lat' dir='ltr'>quo</span> <span class='ocrx_word' id='word_1_226' title='bbox 432 3108 633 3192; x_wconf 90' lang='lat' dir='ltr'>studuerant,</span> <span class='ocrx_word' id='word_1_227' title='bbox 654 3105 887 3190; x_wconf 87' lang='lat' dir='ltr'>pervenissent,</span> <span class='ocrx_word' id='word_1_228' title='bbox 910 3106 1042 3170; x_wconf 90' lang='lat' dir='ltr'>domum</span> <span class='ocrx_word' id='word_1_229' title='bbox 1066 3105 1146 3172; x_wconf 78' lang='lat' dir='ltr'>Cha-</span> 
     </span>
     <span class='ocr_line' id='line_1_32' title="bbox 138 3193 1145 3280; baseline -0.001 -19"><span class='ocrx_word' id='word_1_230' title='bbox 138 3197 227 3262; x_wconf 86' lang='lat' dir='ltr'>ronis</span> <span class='ocrx_word' id='word_1_231' title='bbox 272 3201 510 3280; x_wconf 86' lang='lat' dir='ltr'>everterunt,.a</span> <span class='ocrx_word' id='word_1_232' title='bbox 528 3217 592 3279; x_wconf 90' lang='lat' dir='ltr'>quo</span> <span class='ocrx_word' id='word_1_233' title='bbox 612 3197 645 3258; x_wconf 91' lang='lat' dir='ltr'>et</span> <span class='ocrx_word' id='word_1_234' title='bbox 664 3197 793 3278; x_wconf 87' lang='lat' dir='ltr'>tempus</span> <span class='ocrx_word' id='word_1_235' title='bbox 812 3198 846 3258; x_wconf 92' lang='lat' dir='ltr'>et</span> <span class='ocrx_word' id='word_1_236' title='bbox 864 3193 931 3258; x_wconf 89' lang='lat' dir='ltr'>dies</span> <span class='ocrx_word' id='word_1_237' title='bbox 951 3199 1022 3259; x_wconf 92' lang='lat' dir='ltr'>erat</span> <span class='ocrx_word' id='word_1_238' title='bbox 1040 3196 1145 3260; x_wconf 88' lang='lat' dir='ltr'>datus.</span> 
     </span>
     <span class='ocr_line' id='line_1_33' title="bbox 227 3282 1184 3368; baseline -0.002 -20"><span class='ocrx_word' id='word_1_239' title='bbox 227 3283 299 3349; x_wconf 91' lang='lat' dir='ltr'>Hoc</span> <span class='ocrx_word' id='word_1_240' title='bbox 322 3285 394 3350; x_wconf 93' lang='lat' dir='ltr'>loco</span> <span class='ocrx_word' id='word_1_241' title='bbox 417 3285 500 3348; x_wconf 91' lang='lat' dir='ltr'>libet</span> <span class='ocrx_word' id='word_1_242' title='bbox 522 3285 779 3368; x_wconf 67' lang='lat' dir='ltr'>interponeres</span> <span class='ocrx_word' id='word_1_243' title='bbox 762 3282 825 3346; x_wconf 91' lang='lat' dir='ltr'>etsi</span> <span class='ocrx_word' id='word_1_244' title='bbox 849 3282 1031 3348; x_wconf 86' lang='lat' dir='ltr'>seiunctum</span> <span class='ocrx_word' id='word_1_245' title='bbox 1051 3286 1091 3348; x_wconf 89' lang='lat' dir='ltr'>ab</span> <span class='ocrx_word' id='word_1_246' title='bbox 1110 3299 1184 3362; x_wconf 83' lang='grc'>113</span> 
     </span>
     <span class='ocr_line' id='line_1_34' title="bbox 137 3371 1145 3474; baseline -0.007 -35"><span class='ocrx_word' id='word_1_247' title='bbox 137 3372 306 3474; x_wconf 90' lang='lat' dir='ltr'>proposita</span> <span class='ocrx_word' id='word_1_248' title='bbox 330 3377 388 3456; x_wconf 91' lang='grc'><strong>111,</strong></span> <span class='ocrx_word' id='word_1_249' title='bbox 411 3373 512 3438; x_wconf 90' lang='lat' dir='ltr'>nimia</span> <span class='ocrx_word' id='word_1_250' title='bbox 534 3371 653 3436; x_wconf 90' lang='lat' dir='ltr'>fiducia</span> <span class='ocrx_word' id='word_1_251' title='bbox 677 3373 817 3455; x_wconf 78' lang='lat' dir='ltr'>quantae</span> <span class='ocrx_word' id='word_1_252' title='bbox 841 3371 1009 3436; x_wconf 88' lang='lat' dir='ltr'>calamitat</span> <span class='ocrx_word' id='word_1_253' title='bbox 1010 3371 1145 3435; x_wconf 87' lang='lat' dir='ltr'>isoleat</span> 
     </span>
     <span class='ocr_line' id='line_1_35' title="bbox 137 3458 1144 3547; baseline -0.01 -19"><span class='ocrx_word' id='word_1_254' title='bbox 137 3468 216 3528; x_wconf 91' lang='grc'><strong>1111.</strong></span> <span class='ocrx_word' id='word_1_255' title='bbox 249 3482 327 3525; x_wconf 89' lang='lat' dir='ltr'>nam</span> <span class='ocrx_word' id='word_1_256' title='bbox 346 3461 598 3547; x_wconf 82' lang='lat' dir='ltr'>magistratuum</span> <span class='ocrx_word' id='word_1_257' title='bbox 611 3459 840 3524; x_wconf 90' lang='lat' dir='ltr'>Thebanorum</span> <span class='ocrx_word' id='word_1_258' title='bbox 859 3461 973 3524; x_wconf 88' lang='lat' dir='ltr'>statim</span> <span class='ocrx_word' id='word_1_259' title='bbox 992 3458 1032 3520; x_wconf 88' lang='lat' dir='ltr'>ad</span> <span class='ocrx_word' id='word_1_260' title='bbox 1051 3477 1144 3519; x_wconf 89' lang='lat' dir='ltr'>aures</span> 
     </span>
     <span class='ocr_line' id='line_1_36' title="bbox 135 3543 1160 3636; baseline -0.011 -19"><span class='ocrx_word' id='word_1_261' title='bbox 135 3549 285 3636; x_wconf 83' lang='lat' dir='ltr'>pervenit</span> <span class='ocrx_word' id='word_1_262' title='bbox 308 3549 450 3613; x_wconf 86' lang='lat' dir='ltr'>exules</span> <span class='ocrx_word' id='word_1_263' title='bbox 440 3571 476 3613; x_wconf 91' lang='lat' dir='ltr'>m</span> <span class='ocrx_word' id='word_1_264' title='bbox 497 3549 612 3612; x_wconf 86' lang='lat' dir='ltr'>urbem</span> <span class='ocrx_word' id='word_1_265' title='bbox 630 3547 766 3613; x_wconf 84' lang='lat' dir='ltr'>venisse</span> <span class='ocrx_word' id='word_1_266' title='bbox 801 3547 835 3611; x_wconf 90' lang='lat' dir='ltr'>id</span> <span class='ocrx_word' id='word_1_267' title='bbox 858 3548 907 3610; x_wconf 92' lang='lat' dir='ltr'>illi</span> <span class='ocrx_word' id='word_1_268' title='bbox 930 3546 1005 3609; x_wconf 88' lang='lat' dir='ltr'>vino</span> <span class='ocrx_word' id='word_1_269' title='bbox 1029 3543 1160 3625; x_wconf 87' lang='lat' dir='ltr'>epulis-</span> 
     </span>
    </p>
   </div>
   <div class='ocr_carea' id='block_1_4' title="bbox 0 0 1302 3910">
    <p class='ocr_par' dir='ltr' id='par_1_7' title="bbox 0 0 1302 3910">
     <span class='ocr_line' id='line_1_37' title="bbox 0 0 1302 3910; baseline 0 2"><span class='ocrx_word' id='word_1_270' title='bbox 0 0 1302 3910; x_wconf 95' lang='lat' dir='ltr'> </span> 
     </span>
    </p>
   </div>
  </div>
 </body>
</html>
