2598 3906
146 187 167 250 6
421 147 424 154 ’
477 181 724 237 inarmans.
753 190 777 238 a.
797 189 821 238 ι.

107 329 127 393 6
236 325 335 394 Cuius
359 327 425 392 vict
411 327 514 391 toriae
538 347 603 390 non
627 326 768 400 alienum
786 318 878 391 -tvide
864 330 919 391 tur
945 327 1038 410 quale
1065 349 1158 428 prae·

146 417 249 480 mium
271 414 413 480 Miltiadi
441 412 493 478 ιιι
513 415 676 478 tributum
703 415 842 498 docere,
861 436 941 498 quo
953 414 1158 486 faciliusin-

146 503 260 605 tellegi
277 503 383 588 possit
369 502 536 566 teandem
555 501 700 566 omnium
720 467 891 568 civitatum
909 524 979 568 esse
993 506 1155 568 naturam.

112 607 127 655 a
146 596 184 656 ut
203 592 289 656 enim
307 590 420 676 populi
438 589 579 654 Romani
596 589 737 654 honores
757 591 920 675 quondam
937 590 1070 658 fuenmt
1088 592 1156 654 rari

146 685 180 744 et
209 685 321 745 tenues
350 679 392 742 ob
421 699 572 778 eamque·
586 699 718 742 causam
748 679 899 764 gloriosi,
930 691 1034 743 nunc
1044 682 1155 744 autem

146 768 239 833 effusi
258 791 276 832 a
278 772 355 851 tque
374 765 572 850 obsoleti,
547 787 593 830 ιιι
613 765 691 830 olim
710 767 795 850 apud
813 767 1030 832 Athenienses
1053 765 1154 830 fuisse

111 857 333 939 ereperimus.
365 872 505 936 namque
522 853 599 918 huie
617 851 693 917 Milt
679 854 768 938 tiadi,
791 855 847 938 qui
865 853 1021 919 Athenas
1035 857 1154 919 totam·
1226 861 1228 866 '

146 965 207 1026 que
232 941 402 1006 Graeciam
430 941 601 1026 liberarat,
624 941 700 1005 talis
728 943 833 1007 honos
856 943 1001 1008 tributus
1029 946 1092 1026 est,
1120 943 1155 1007 in

144 1030 287 1114 porticu,
311 1051 392 1113 quae
416 1028 545 1093 Poecile
568 1033 716 1114 vocatur,
740 1051 813 1095 cum
835 1051 946 1116 pugna
969 1030 1153 1131 depingere·

144 1123 200 1183 tur
218 1115 434 1201 Marathonia,
452 1117 516 1181 ut
507 1139 543 1181 m
560 1117 670 1182 decem
687 1081 876 1202 phaetorum
889 1140 1029 1183 numero
1047 1119 1154 1202 prima

146 1207 214 1270 eius
242 1206 351 1292 imago
378 1168 590 1290 poheretur
581 1227 672 1289 1sque
701 1206 850 1276 hortaret
836 1210 890 1270 tur
913 1206 1035 1270 milites
1062 1228 1153 1289 prce
1187 1282 1189 1290 Ι

109 1295 290 1396 eliamque
313 1294 543 1360 committeret.
579 1294 665 1358 idem
688 1295 743 1358 ille
766 1296 915 1378 populus,
938 1298 1152 1378 posteaquam

145 1383 250 1448 maius
268 1383 441 1467 imperium
459 1386 510 1447 est
527 1386 691 1446 nactuse
711 1383 885 1466 largitione
900 1383 1155 1468 magistratuum
1286 1431 1287 1442 ,

145 1475 317 1554 corruptus
349 1476 415 1554 est,
448 1474 610 1533 trecentas
643 1473 769 1532 statuas
798 1468 966 1562 Demetrio
994 1469 1153 1534 Phalereo

145 1558 295 1622 decrevit.

106 1646 187 1710 'l
232 1642 314 1709 Post
340 1644 403 1708 hoc
430 1643 590 1726 proelium
618 1645 755 1708 classem
783 1646 992 1731 septuaginta
1020 1646 1154 1710 navium

144 1723 360 1797 Athenienses
380 1731 483 1802 eidem
500 1730 643 1802 Miltiadi
665 1720 830 1814 dederunt,
807 1736 891 1796 tut
913 1733 1046 1815 insulas,
1070 1754 1153 1832 quae
1194 1805 1196 1812 ,

144 1821 301 1884 barbaros
325 1819 522 1904 adiuverunt,
544 1820 630 1883 bello
653 1783 908 1904 persequeretur.
950 1841 1025 1904 quo
1037 1821 1073 1884 ιι
1095 1819 1153 1884 im·

144 1908 234 2009 perio
262 1909 433 1993 plerasque
462 1909 502 1972 ad
529 1907 673 1973 officium
700 1909 803 1972 redire
832 1909 952 1996 co'e'git,
979 1899 1157 1974 nonnullas

109 2013 126 2062 2
145 2019 178 2062 ιι
201 1997 488 2098 expugnantior
510 1997 562 2061 his
585 1996 706 2062 Parum
726 1998 870 2066 insulam
893 1997 1008 2099 opibus
1032 1998 1098 2062 elat
1100 2019 1153 2061 ιιιι

145 2108 219 2152 cum
243 2086 390 2151 oratione
413 2085 622 2152 reconciliare
644 2109 711 2151 non
737 2092 862 2170 posset,
891 2086 1001 2170 copias
1026 2108 1043 2150 ι
1065 2085 1152 2150 navi·

144 2174 206 2239 bus
225 2175 346 2256 eduxit,
363 2175 477 2238 urbem
496 2175 647 2261 operibus
667 2175 784 2238 clausit
770 2175 954 2255 tomnique
969 2177 1153 2237 commeatu

144 2261 299 2346 privavit,
327 2225 401 2323 dein
428 2261 529 2324 vineis
558 2283 595 2324 ιι
623 2256 840 2324 testudinibus
864 2259 1053 2324 constitutis
1080 2283 1151 2343 pro
1235 2339 1241 2349 ¹

110 2349 219 2448 opius
243 2367 353 2411 muros
377 2347 522 2410 accessit.
559 2367 633 2411 oum
651 2347 717 2410 iam
735 2347 770 2410 in
792 2367 830 2411 ιο
853 2351 950 2429 essct,
972 2352 1010 2412 ut
1033 2348 1152 2432 oppido
1193 2403 1217 2426 .,

145 2436 320 2521 potiretur,
350 2434 499 2517 procul
490 2455 525 2498 m
552 2433 732 2500 continenti
758 2435 863 2517 lucus,
891 2434 948 2518 qui
976 2456 1015 2499 ex
1046 2435 1154 2500 insula
1198 2453 1213 2508 ,·

146 2522 367 2607 conspiciebat
367 2544 415 2606 ur,
437 2521 546 2587 nescio
570 2543 634 2606 quo
658 2543 735 2587 casu
756 2527 916 2588 nocturno
940 2524 1115 2607 tempore
1106 2545 1153 2588 m·

134 2632 261 2678 census
280 2614 338 2675 est.
375 2610 466 2676 cuius
485 2610 671 2675 flammant
689 2611 731 2675 ab
750 2611 919 2714 oppidanis
938 2615 972 2676 et
990 2633 1153 2713 oppugna·

145 2699 274 2765 toribus
297 2702 349 2763 est
371 2697 454 2783 visa,
476 2698 623 2783 utrisque
646 2698 793 2764 venitm
816 2700 1001 2786 opinionem
1024 2701 1153 2787 signum

110 2805 128 2853 4
147 2811 166 2854 a
184 2787 361 2854 classiariis
384 2787 483 2874 regiis
506 2788 563 2852 dat
548 2791 627 2852 t.um
663 2811 726 2872 quo
745 2788 813 2854 fact
799 2793 870 2854 tum
888 2793 939 2854 est
957 2793 995 2853 ut
1013 2793 1047 2853 et
1064 2787 1153 2854 Parii

147 2899 167 2942 a
180 2876 343 2943 ded1trone
358 2877 412 2940 det
398 2880 557 2940 tterreren
543 2880 645 2941 tetur
658 2875 833 2960 Miltiades,
851 2877 970 2940 timens
983 2897 1024 2940 ne
1039 2876 1152 2941 classis

147 2965 237 3050 regia
251 2963 477 3046 adventaret,
468 2963 607 3028 mcensis
623 2963 784 3114 operibus,
799 2985 880 3046 quae
895 2984 910 3026 s
913 2966 1065 3046 latuerat,
1080 2986 1153 3029 cum

146 3051 286 3117 totidem
307 3052 445 3117 navibus
469 3055 567 3134 atque
590 3053 660 3115 erat
682 3049 848 3134 profectus
866 3049 1013 3116 Athenas
1036 3073 1154 3137 magna
1260 3077 1287 3098 ἰ

113 3155 129 3204 ι
148 3161 223 3206 cum
241 3138 463 3204 offensione'
437 3140 556 3205 civium
575 3145 707 3204 suorum
726 3139 854 3204 rediret.
891 3143 1061 3204 accusatus
1075 3161 1157 3226 ergo¹
1286 3181 1287 3218 ι

148 3231 199 3292 ιιι
225 3227 434 3313 proditionis,
458 3228 557 3313 quod,
587 3249 661 3292 cum
683 3226 804 3292 Parum
827 3247 1011 3312 expugnare
1034 3234 1154 3313 posset,

148 3338 167 3380 a
190 3337 266 3401 rege
290 3320 461 3401 corruptus
485 3315 569 3380 infec
571 3315 614 3380 tis
638 3316 734 3380 rebus
762 3315 973 3383 discessisset.
1014 3338 1052 3382 eo
1075 3321 1154 3382 tcm-

146 3425 226 3488 pore
245 3425 342 3490 aeger
360 3408 431 3506 erat
444 3404 640 3488 ιιιιιιιιιιιιιι,
659 3425 741 3488 quae
756 3404 790 3468 in
803 3403 1020 3490 oppugnando
1036 3407 1153 3490 oppido
1285 3389 1287 3476 s

148 3498 325 3578 acceperat
363 3493 474 3576 itaque
494 3493 655 3577 cumipse
678 3515 737 3576 pro
761 3513 796 3557 sc
820 3494 924 3559 dicere
947 3515 1013 3558 non
1034 3495 1153 3576 posset,
