2598 3906
464 191 522 247 xn
543 190 732 248 cassans.
761 198 839 248 2-4.
1116 197 1160 261 45

148 337 276 421 stravit,
299 358 373 402 cnm
396 337 460 402 dux
478 335 730 402 Atheniensium
753 341 854 422 esset3
876 339 912 403 in
930 337 1081 425 Aegypto
1101 363 1159 407 sua

148 429 265 511 sponte
301 425 419 511 gessit:
454 447 531 489 nam
567 423 770 490 Nectenebin
809 425 956 492 adiutum
991 427 1158 512 profectus

147 535 285 600 regnum
308 514 338 579 ei
362 513 545 579 constituit.
590 513 668 578 fecit
695 514 781 578 idem
805 511 918 599 (typri,
946 515 1003 581 sed
1029 517 1193 600 publices

147 605 189 668 ab
203 601 460 668 Atheniensibus
478 599 650 687 Euagorae
669 601 798 667 adiutor
817 601 922 688 datus,
944 626 1049 688 neque
1067 605 1158 689 prius

146 691 221 756 inde
244 691 411 774 discessit,
434 712 533 774 quam
556 694 662 756 totam
685 691 827 756 insulam
850 691 936 757 bello
961 693 1158 758 devinceret:

147 802 212 864 qua
235 801 275 844 ex
297 802 332 844 re
354 777 572 844 Athenienses
596 800 749 866 magnam
776 779 917 866 gloriam
940 785 1017 847 sunt
1040 781 1157 866 adepti

146 869 279 934 interim
305 867 428 932 bellum
455 867 542 932 inter
564 866 748 954 Aegyptios
776 872 810 932 et
832 866 949 935 Persas
980 870 1192 936 conflatums

146 961 206 1022 est.
238 955 455 1022 Athenienses
475 979 548 1022 cum
566 955 746 1022 Artaxerxe
769 957 960 1023 societatem
982 957 1158 1044 habebant,

145 1044 394 1110 Lacedaemonii
418 1067 491 1110 cum
513 1044 702 1131 Aegyptiis,
725 1067 745 1109 a
768 1045 886 1130 quibus
909 1068 1045 1133 magnas
1068 1069 1157 1132 prae-

145 1134 205 1198 das
228 1132 411 1219 Agesilaus,
433 1155 490 1198 rex
513 1155 641 1216 eorum,
664 1132 813 1198 faciebat.
859 1133 892 1198 id
920 1135 1050 1201 intuens
1074 1134 1157 1202 Cha·

145 1222 249 1305 brias,
277 1243 351 1286 cum
372 1222 408 1286 in
430 1243 465 1284 re
487 1220 579 1285 nulla
600 1219 757 1305 Agesilao
781 1221 922 1307 cederet,
953 1245 1012 1288 sua
1040 1229 1156 1308 sponte

146 1332 202 1376 eos
225 1309 373 1375 adiutum
395 1309 562 1393 profectus
585 1307 769 1394 Aegyptiae
793 1309 890 1376 classi
918 1310 1074 1395 praefuit,
1104 1333 1156 1395 pe-

145 1399 308 1465 destribus
332 1397 434 1483 copiis
457 1396 641 1484 Agesilaus.

233 1487 316 1552 Tum
334 1486 492 1572 praefecti
505 1486 592 1572 regis
607 1485 726 1551 Persae
740 1485 867 1571 legatos
883 1487 1042 1552 miserunt
1055 1486 1156 1554 Athe·
1174 1487 1194 1552 3

144 1598 203 1641 nas
227 1580 387 1661 questum,
411 1575 496 1659 quod
520 1573 678 1641 Chabrias
702 1574 873 1640 adversum
898 1596 1009 1662 regem
1032 1576 1155 1641 bellum

145 1669 273 1750 gereret
292 1686 365 1730 cum
383 1663 567 1749 Aegyptiis.
593 1661 811 1729 Athenienses
830 1663 916 1730 diem
935 1669 1058 1730 certam
1073 1663 1155 1730 Cha-

143 1753 235 1818 briae
256 1752 523 1836 praestituerunt,
547 1772 645 1834 quam
668 1755 744 1817 ante
766 1752 899 1817 domum
921 1753 986 1818 nisi
1008 1753 1155 1837 redisset,

145 1839 263 1924 capitis
292 1861 326 1904 sa
353 1840 448 1903 illum
477 1839 688 1902 damnaturos
718 1838 960 1906 denuntiarunt
1005 1841 1067 1906 boc
1098 1841 1154 1906 ille

143 1929 260 1995 nuntio
284 1927 431 1992 Athenas
454 1925 565 2009 rediit,
581 1946 686 2008 neque
709 1925 756 1989 ibi
779 1927 901 1992 diutius
925 1931 976 1992 est
998 1933 1155 2013 moratus,

144 2038 244 2102 quam
266 2015 331 2080 fuit
352 2035 493 2080 necesse.
531 2035 599 2078 non
622 2013 708 2078 enim
730 2013 870 2078 libenter
893 2018 964 2078 erat
987 2019 1063 2080 ante
1082 2031 1189 2080 ocu-a

143 2107 194 2172 los
218 2126 352 2171 suorum
375 2102 502 2186 civium,
526 2101 613 2184 quod
635 2105 669 2166 et
692 2099 823 2165 vivebat
845 2102 934 2166 laute
958 2107 992 2166 et
1010 2103 1154 2188 indulge-

142 2195 202 2259 bat
234 2194 298 2259 sibi
329 2190 511 2274 liberalius,
544 2211 642 2273 quam
669 2192 707 2254 ut
735 2189 891 2254 invidiam
919 2190 1010 2276 vulgi
1041 2195 1154 2276 posset

143 2284 292 2369 effugere.
325 2284 376 2344 est
390 2279 477 2345 enim
490 2278 553 2343 hoc
567 2298 738 2344 commune
753 2277 870 2343 vitium
884 2279 1012 2365 magnis
1027 2279 1153 2344 liberis·
1171 2297 1188 2343 s

143 2393 205 2456 que
224 2369 423 2453 civitatibus,
440 2371 479 2432 ut
496 2367 618 2432 invidia
637 2365 762 2453 gloriae
776 2387 884 2432 comes
899 2369 944 2432 sit
962 2372 996 2432 et
1013 2367 1153 2434 libenter

142 2459 181 2524 de
204 2460 245 2525 iis
269 2457 457 2541 detrahant,
485 2477 567 2540 quos
591 2456 732 2522 eminere
755 2455 887 2521 videant
910 2456 1022 2542 altius,
1048 2478 1152 2542 neque

142 2548 251 2612 animo
270 2567 374 2630 aequo
396 2566 553 2628 pauperes
573 2545 712 2612 alienam
731 2544 934 2628 opulentiam
954 2545 1152 2611 intueantur.

141 2636 254 2719 itaque
277 2633 450 2717 Chabrias,
477 2633 584 2716 quoad
607 2633 637 2698 ei
664 2632 798 2716 licebat,
824 2633 1002 2716 plurimum
1029 2635 1151 2700 aberat.

141 2745 246 2808 neque
276 2744 353 2788 vero
386 2722 475 2787 solus
507 2721 563 2784 ille
595 2721 710 2785 aberat
737 2719 876 2786 Athenis
909 2721 1063 2806 libenter,
1095 2721 1187 2788 seda

141 2834 254 2878 omnes
277 2811 345 2877 fere
367 2808 531 2894 principes
554 2808 702 2874 fecerunt
724 2809 823 2893 idem,
853 2807 940 2892 quod
963 2812 1092 2873 tantum
1116 2830 1150 2874 se

141 2903 181 2966 ab
210 2901 332 2968 invidia
359 2899 521 2983 putabant
549 2896 710 2982 abituros,
724 2895 727 2905 '
741 2900 899 2980 quantum
927 2918 947 2960 a
974 2899 1151 3050 conspectu

140 3011 274 3056 suorum
305 2988 508 3054 recesserint.
553 2986 664 3070 itaque
694 2984 809 3052 Conon
839 2984 1041 3069 plurimum'
1076 2986 1149 3070 ypri

139 3079 231 3162 vixit,
253 3077 434 3162 Iphicrates
458 3075 494 3138 in
507 3073 673 3156 Thraecia,
692 3071 883 3136 'timotheus
897 3070 1004 3156 Lesbi,
1028 3072 1149 3140 Chares

140 3165 244 3251 Sigei,
276 3165 444 3230 dissimilis
473 3162 604 3247 quidem
631 3160 753 3228 Chares
785 3161 903 3226 borum
930 3164 964 3226 et
990 3159 1087 3227 factis
1116 3168 1150 3228 et

139 3255 299 3337 moribus,
327 3254 383 3318 sed
409 3257 521 3317 tamen
542 3250 682 3315 Athenis
706 3253 740 3314 et
762 3250 941 3315 honoratus
966 3253 1000 3314 et
1021 3255 1148 3334 potens.

229 3341 387 3408 Chabrias
418 3343 529 3404 autem
560 3338 659 3422 periit
689 3338 777 3403 bello
809 3338 922 3404 sociali
954 3337 1014 3402 tali
1042 3336 1187 3401 modod

139 3430 374 3518 oppugnabant
392 3427 610 3493 Athenienses
630 3425 757 3492 Chium.
794 3431 864 3491 erat
887 3427 922 3490 in
945 3425 1048 3488 classe
1068 3421 1149 3486 Oba-

138 3521 226 3586 brias
254 3519 417 3604 privatus,
447 3517 504 3582 sed
527 3537 653 3599 omnes,
684 3515 739 3598 qui
766 3515 800 3579 in
828 3513 1025 3598 magistratu
1048 3513 1149 3590 erant,
