<?xml version="1.0" encoding="UTF-8"?>
<!DOCTYPE html PUBLIC "-//W3C//DTD XHTML 1.0 Transitional//EN"
    "http://www.w3.org/TR/xhtml1/DTD/xhtml1-transitional.dtd">
<html xmlns="http://www.w3.org/1999/xhtml" xml:lang="en" lang="en">
 <head>
  <title>
</title>
<meta http-equiv="Content-Type" content="text/html;charset=utf-8" />
  <meta name='ocr-system' content='tesseract 3.04.00' />
  <meta name='ocr-capabilities' content='ocr_page ocr_carea ocr_par ocr_line ocrx_word'/>
</head>
<body>
  <div class='ocr_page' id='page_1' title='image "./corneliinepotis21nepogoog_0110.png"; bbox 0 0 2596 3910; ppageno 0'>
   <div class='ocr_carea' id='block_1_1' title="bbox 471 254 1145 326">
    <p class='ocr_par' dir='ltr' id='par_1_1' title="bbox 471 254 1145 326">
     <span class='ocr_line' id='line_1_1' title="bbox 471 254 1145 326; baseline 0.028 -18"><span class='ocrx_word' id='word_1_1' title='bbox 471 254 571 311; x_wconf 86' lang='lat' dir='ltr'>XXIV.</span> <span class='ocrx_word' id='word_1_2' title='bbox 590 256 694 311; x_wconf 78' lang='lat' dir='ltr'>CATO.</span> <span class='ocrx_word' id='word_1_3' title='bbox 724 263 748 311; x_wconf 79' lang='lat'>2.</span> <span class='ocrx_word' id='word_1_4' title='bbox 768 265 793 314; x_wconf 87' lang='grc'>3.</span> <span class='ocrx_word' id='word_1_5' title='bbox 1103 262 1145 326; x_wconf 85' lang='grc'>99</span> 
     </span>
    </p>
   </div>
   <div class='ocr_carea' id='block_1_2' title="bbox 132 397 1145 924">
    <p class='ocr_par' dir='ltr' id='par_1_2' title="bbox 132 397 1145 924">
     <span class='ocr_line' id='line_1_2' title="bbox 134 397 1145 487; baseline 0.007 -24"><span class='ocrx_word' id='word_1_6' title='bbox 134 397 309 466; x_wconf 79' lang='lat' dir='ltr'>Africanus</span> <span class='ocrx_word' id='word_1_7' title='bbox 337 399 450 465; x_wconf 88' lang='lat' dir='ltr'>consul</span> <span class='ocrx_word' id='word_1_8' title='bbox 482 399 616 483; x_wconf 86' lang='lat' dir='ltr'>iterum,</span> <span class='ocrx_word' id='word_1_9' title='bbox 649 401 739 466; x_wconf 90' lang='lat' dir='ltr'>cuius</span> <span class='ocrx_word' id='word_1_10' title='bbox 771 402 806 467; x_wconf 90' lang='lat' dir='ltr'>in</span> <span class='ocrx_word' id='word_1_11' title='bbox 834 403 943 487; x_wconf 89' lang='lat' dir='ltr'>priore</span> <span class='ocrx_word' id='word_1_12' title='bbox 973 405 1145 470; x_wconf 79' lang='lat' dir='ltr'>consulatu</span> 
     </span>
     <span class='ocr_line' id='line_1_3' title="bbox 135 486 1145 576; baseline 0.005 -24"><span class='ocrx_word' id='word_1_13' title='bbox 135 491 287 571; x_wconf 73' lang='lat' dir='ltr'><strong>quaestor</strong></span> <span class='ocrx_word' id='word_1_14' title='bbox 309 486 426 570; x_wconf 74' lang='lat' dir='ltr'>tuerat,</span> <span class='ocrx_word' id='word_1_15' title='bbox 450 487 555 553; x_wconf 80' lang='lat' dir='ltr'>voluit</span> <span class='ocrx_word' id='word_1_16' title='bbox 577 509 652 554; x_wconf 90' lang='lat' dir='ltr'>eum</span> <span class='ocrx_word' id='word_1_17' title='bbox 675 489 714 554; x_wconf 90' lang='lat' dir='ltr'>de</span> <span class='ocrx_word' id='word_1_18' title='bbox 736 490 904 574; x_wconf 83' lang='lat' dir='ltr'>provincia</span> <span class='ocrx_word' id='word_1_19' title='bbox 926 491 1088 576; x_wconf 82' lang='lat' dir='ltr'>depellere</span> <span class='ocrx_word' id='word_1_20' title='bbox 1111 497 1145 558; x_wconf 92' lang='lat' dir='ltr'>et</span> 
     </span>
     <span class='ocr_line' id='line_1_4' title="bbox 133 575 1144 661; baseline 0.006 -22"><span class='ocrx_word' id='word_1_21' title='bbox 133 575 204 659; x_wconf 88' lang='lat' dir='ltr'>ipse</span> <span class='ocrx_word' id='word_1_22' title='bbox 235 576 265 640; x_wconf 88' lang='lat' dir='ltr'>ei</span> <span class='ocrx_word' id='word_1_23' title='bbox 297 576 482 660; x_wconf 76' lang='lat' dir='ltr'>succedere,</span> <span class='ocrx_word' id='word_1_24' title='bbox 513 597 618 660; x_wconf 89' lang='lat' dir='ltr'>neque</span> <span class='ocrx_word' id='word_1_25' title='bbox 648 575 712 642; x_wconf 90' lang='lat' dir='ltr'>hoc</span> <span class='ocrx_word' id='word_1_26' title='bbox 743 599 802 661; x_wconf 88' lang='lat' dir='ltr'>per</span> <span class='ocrx_word' id='word_1_27' title='bbox 833 583 983 644; x_wconf 88' lang='lat' dir='ltr'>senatum</span> <span class='ocrx_word' id='word_1_28' title='bbox 1016 579 1144 646; x_wconf 87' lang='lat' dir='ltr'>efficere</span> 
     </span>
     <span class='ocr_line' id='line_1_5' title="bbox 132 662 1144 751; baseline 0.005 -23"><span class='ocrx_word' id='word_1_29' title='bbox 132 664 254 748; x_wconf 92' lang='lat' dir='ltr'>potuit,</span> <span class='ocrx_word' id='word_1_30' title='bbox 287 685 361 729; x_wconf 92' lang='lat' dir='ltr'>cum</span> <span class='ocrx_word' id='word_1_31' title='bbox 391 663 520 746; x_wconf 89' lang='lat' dir='ltr'>quidem</span> <span class='ocrx_word' id='word_1_32' title='bbox 549 662 658 748; x_wconf 82' lang='lat' dir='ltr'>Scipio</span> <span class='ocrx_word' id='word_1_33' title='bbox 690 664 911 751; x_wconf 73' lang='lat' dir='ltr'>principatum</span> <span class='ocrx_word' id='word_1_34' title='bbox 942 668 978 732; x_wconf 93' lang='lat' dir='ltr'>in</span> <span class='ocrx_word' id='word_1_35' title='bbox 1010 668 1144 734; x_wconf 82' lang='lat' dir='ltr'>civitate</span> 
     </span>
     <span class='ocr_line' id='line_1_6' title="bbox 133 751 1142 842; baseline 0.004 -25"><span class='ocrx_word' id='word_1_36' title='bbox 133 751 309 835; x_wconf 89' lang='lat' dir='ltr'>obtineret,</span> <span class='ocrx_word' id='word_1_37' title='bbox 336 752 423 835; x_wconf 92' lang='lat' dir='ltr'>quod</span> <span class='ocrx_word' id='word_1_38' title='bbox 450 755 521 816; x_wconf 94' lang='lat' dir='ltr'>tum</span> <span class='ocrx_word' id='word_1_39' title='bbox 546 773 613 818; x_wconf 91' lang='lat' dir='ltr'>non</span> <span class='ocrx_word' id='word_1_40' title='bbox 639 753 802 838; x_wconf 89' lang='lat' dir='ltr'>potentia,</span> <span class='ocrx_word' id='word_1_41' title='bbox 831 754 888 819; x_wconf 88' lang='lat' dir='ltr'>sed</span> <span class='ocrx_word' id='word_1_42' title='bbox 915 755 983 820; x_wconf 91' lang='lat' dir='ltr'>iure</span> <span class='ocrx_word' id='word_1_43' title='bbox 1007 777 1059 821; x_wconf 82' lang='lat' dir='ltr'>res</span> <span class='ocrx_word' id='word_1_44' title='bbox 1086 779 1142 842; x_wconf 91' lang='lat' dir='ltr'>pu·</span> 
     </span>
     <span class='ocr_line' id='line_1_7' title="bbox 132 839 1143 924; baseline 0.005 -19"><span class='ocrx_word' id='word_1_45' title='bbox 132 841 219 906; x_wconf 88' lang='lat' dir='ltr'>blica</span> <span class='ocrx_word' id='word_1_46' title='bbox 242 839 540 905; x_wconf 75' lang='lat' dir='ltr'>administrabatur.</span> <span class='ocrx_word' id='word_1_47' title='bbox 582 861 647 924; x_wconf 88' lang='lat' dir='ltr'>qua</span> <span class='ocrx_word' id='word_1_48' title='bbox 669 862 709 905; x_wconf 87' lang='lat' dir='ltr'>ex</span> <span class='ocrx_word' id='word_1_49' title='bbox 731 863 765 906; x_wconf 90' lang='lat' dir='ltr'>re</span> <span class='ocrx_word' id='word_1_50' title='bbox 788 843 892 908; x_wconf 86' lang='lat' dir='ltr'>iratus</span> <span class='ocrx_word' id='word_1_51' title='bbox 915 844 1045 908; x_wconf 88' lang='lat' dir='ltr'>senatui</span> <span class='ocrx_word' id='word_1_52' title='bbox 1072 864 1143 910; x_wconf 83' lang='lat' dir='ltr'>con·</span> 
     </span>
    </p>
   </div>
   <div class='ocr_carea' id='block_1_3' title="bbox 132 928 1290 1015">
    <p class='ocr_par' dir='ltr' id='par_1_3' title="bbox 132 928 1290 1015">
     <span class='ocr_line' id='line_1_8' title="bbox 132 928 1290 1015; baseline 0.003 -21"><span class='ocrx_word' id='word_1_53' title='bbox 132 930 236 994; x_wconf 80' lang='lat' dir='ltr'>saluta</span> <span class='ocrx_word' id='word_1_54' title='bbox 249 931 383 1012; x_wconf 89' lang='lat' dir='ltr'>peracto</span> <span class='ocrx_word' id='word_1_55' title='bbox 396 928 544 1012; x_wconf 86' lang='lat' dir='ltr'>privatus</span> <span class='ocrx_word' id='word_1_56' title='bbox 558 928 593 993; x_wconf 92' lang='lat' dir='ltr'>in</span> <span class='ocrx_word' id='word_1_57' title='bbox 610 929 690 994; x_wconf 90' lang='lat' dir='ltr'>urbe</span> <span class='ocrx_word' id='word_1_58' title='bbox 709 931 838 996; x_wconf 88' lang='lat' dir='ltr'>mansit</span> <span class='ocrx_word' id='word_1_59' title='bbox 868 935 903 995; x_wconf 93' lang='lat' dir='ltr'>at</span> <span class='ocrx_word' id='word_1_60' title='bbox 917 930 1010 1015; x_wconf 82' lang='lat' dir='ltr'>Cato,</span> <span class='ocrx_word' id='word_1_61' title='bbox 1028 953 1142 997; x_wconf 87' lang='lat' dir='ltr'>censor</span> <span class='ocrx_word' id='word_1_62' title='bbox 1161 949 1177 996; x_wconf 79' lang='lat' dir='ltr'>e</span> <span class='ocrx_word' id='word_1_63' title='bbox 1289 977 1290 982; x_wconf 19' lang='grc' dir='ltr'><strong>κ</strong></span> 
     </span>
    </p>
   </div>
   <div class='ocr_carea' id='block_1_4' title="bbox 44 1013 1182 2860">
    <p class='ocr_par' dir='ltr' id='par_1_4' title="bbox 132 1013 1178 1790">
     <span class='ocr_line' id='line_1_9' title="bbox 133 1013 1142 1104; baseline 0.001 -21"><span class='ocrx_word' id='word_1_64' title='bbox 133 1039 207 1083; x_wconf 89' lang='lat' dir='ltr'>cum</span> <span class='ocrx_word' id='word_1_65' title='bbox 226 1015 338 1081; x_wconf 91' lang='lat' dir='ltr'>eodem</span> <span class='ocrx_word' id='word_1_66' title='bbox 356 1013 475 1081; x_wconf 84' lang='lat' dir='ltr'>Flacco</span> <span class='ocrx_word' id='word_1_67' title='bbox 498 1015 613 1100; x_wconf 86' lang='lat' dir='ltr'>factus,</span> <span class='ocrx_word' id='word_1_68' title='bbox 636 1039 746 1082; x_wconf 83' lang='lat' dir='ltr'>severe</span> <span class='ocrx_word' id='word_1_69' title='bbox 767 1019 910 1102; x_wconf 77' lang='lat' dir='ltr'>praefuit</span> <span class='ocrx_word' id='word_1_70' title='bbox 928 1020 957 1083; x_wconf 90' lang='lat' dir='ltr'>ei</span> <span class='ocrx_word' id='word_1_71' title='bbox 975 1020 1142 1104; x_wconf 90' lang='lat' dir='ltr'>potestati.</span> 
     </span>
     <span class='ocr_line' id='line_1_10' title="bbox 132 1103 1142 1188; baseline 0.001 -17"><span class='ocrx_word' id='word_1_72' title='bbox 132 1126 210 1171; x_wconf 87' lang='lat' dir='ltr'>nam</span> <span class='ocrx_word' id='word_1_73' title='bbox 232 1108 266 1168; x_wconf 86' lang='lat' dir='ltr'>et</span> <span class='ocrx_word' id='word_1_74' title='bbox 288 1103 323 1168; x_wconf 89' lang='lat' dir='ltr'>in</span> <span class='ocrx_word' id='word_1_75' title='bbox 346 1104 528 1188; x_wconf 77' lang='lat' dir='ltr'>complures</span> <span class='ocrx_word' id='word_1_76' title='bbox 556 1105 683 1170; x_wconf 87' lang='lat' dir='ltr'>nobiles</span> <span class='ocrx_word' id='word_1_77' title='bbox 711 1106 941 1171; x_wconf 86' lang='lat' dir='ltr'>animadvertit</span> <span class='ocrx_word' id='word_1_78' title='bbox 964 1111 998 1171; x_wconf 93' lang='lat' dir='ltr'>et</span> <span class='ocrx_word' id='word_1_79' title='bbox 1021 1109 1142 1172; x_wconf 85' lang='lat' dir='ltr'>multas</span> 
     </span>
     <span class='ocr_line' id='line_1_11' title="bbox 132 1191 1143 1277; baseline 0.001 -19"><span class='ocrx_word' id='word_1_80' title='bbox 132 1215 184 1258; x_wconf 91' lang='lat' dir='ltr'>res</span> <span class='ocrx_word' id='word_1_81' title='bbox 207 1213 308 1258; x_wconf 81' lang='lat' dir='ltr'>novas</span> <span class='ocrx_word' id='word_1_82' title='bbox 336 1192 371 1257; x_wconf 91' lang='lat' dir='ltr'>in</span> <span class='ocrx_word' id='word_1_83' title='bbox 398 1191 541 1256; x_wconf 89' lang='lat' dir='ltr'>edictum</span> <span class='ocrx_word' id='word_1_84' title='bbox 569 1192 707 1274; x_wconf 86' lang='lat' dir='ltr'>addidit,</span> <span class='ocrx_word' id='word_1_85' title='bbox 735 1214 799 1276; x_wconf 85' lang='lat' dir='ltr'>qua</span> <span class='ocrx_word' id='word_1_86' title='bbox 825 1215 860 1258; x_wconf 92' lang='lat' dir='ltr'>re</span> <span class='ocrx_word' id='word_1_87' title='bbox 888 1194 1016 1258; x_wconf 84' lang='lat' dir='ltr'>luxuria</span> <span class='ocrx_word' id='word_1_88' title='bbox 1043 1196 1143 1277; x_wconf 88' lang='lat' dir='ltr'>repri-</span> 
     </span>
     <span class='ocr_line' id='line_1_12' title="bbox 132 1279 1178 1364; baseline -0.003 -17"><span class='ocrx_word' id='word_1_89' title='bbox 132 1284 289 1364; x_wconf 77' lang='lat' dir='ltr'>meretur,</span> <span class='ocrx_word' id='word_1_90' title='bbox 313 1300 395 1363; x_wconf 81' lang='lat' dir='ltr'>quae</span> <span class='ocrx_word' id='word_1_91' title='bbox 418 1279 484 1344; x_wconf 85' lang='lat' dir='ltr'>iam</span> <span class='ocrx_word' id='word_1_92' title='bbox 506 1282 578 1344; x_wconf 89' lang='lat' dir='ltr'>tum</span> <span class='ocrx_word' id='word_1_93' title='bbox 601 1279 778 1364; x_wconf 90' lang='lat' dir='ltr'>incipiebat</span> <span class='ocrx_word' id='word_1_94' title='bbox 799 1281 967 1364; x_wconf 88' lang='lat' dir='ltr'>pullulare.</span> <span class='ocrx_word' id='word_1_95' title='bbox 1013 1281 1178 1347; x_wconf 71' lang='lat' dir='ltr'>circitare</span> 
     </span>
     <span class='ocr_line' id='line_1_13' title="bbox 133 1367 1143 1453; baseline -0.003 -17"><span class='ocrx_word' id='word_1_96' title='bbox 133 1390 236 1436; x_wconf 85' lang='lat' dir='ltr'>annos</span> <span class='ocrx_word' id='word_1_97' title='bbox 259 1367 438 1453; x_wconf 81' lang='lat' dir='ltr'>octoginta,</span> <span class='ocrx_word' id='word_1_98' title='bbox 459 1387 562 1451; x_wconf 88' lang='lat' dir='ltr'>usque</span> <span class='ocrx_word' id='word_1_99' title='bbox 585 1367 626 1432; x_wconf 83' lang='lat' dir='ltr'>ad</span> <span class='ocrx_word' id='word_1_100' title='bbox 649 1371 828 1433; x_wconf 87' lang='lat' dir='ltr'>extremam</span> <span class='ocrx_word' id='word_1_101' title='bbox 846 1372 989 1434; x_wconf 88' lang='lat' dir='ltr'>aetatem</span> <span class='ocrx_word' id='word_1_102' title='bbox 1007 1369 1049 1433; x_wconf 88' lang='lat' dir='ltr'>ab</span> <span class='ocrx_word' id='word_1_103' title='bbox 1068 1369 1143 1435; x_wconf 87' lang='lat' dir='ltr'>adu·</span> 
     </span>
     <span class='ocr_line' id='line_1_14' title="bbox 132 1454 1144 1542; baseline -0.001 -19"><span class='ocrx_word' id='word_1_104' title='bbox 132 1457 298 1542; x_wconf 86' lang='lat' dir='ltr'>lescentia,</span> <span class='ocrx_word' id='word_1_105' title='bbox 320 1455 368 1520; x_wconf 88' lang='lat' dir='ltr'>rei</span> <span class='ocrx_word' id='word_1_106' title='bbox 390 1454 540 1539; x_wconf 83' lang='lat' dir='ltr'>publicae</span> <span class='ocrx_word' id='word_1_107' title='bbox 564 1476 662 1520; x_wconf 81' lang='lat' dir='ltr'>cause</span> <span class='ocrx_word' id='word_1_108' title='bbox 684 1456 847 1542; x_wconf 88' lang='lat' dir='ltr'>suscipere</span> <span class='ocrx_word' id='word_1_109' title='bbox 870 1456 1059 1523; x_wconf 86' lang='lat' dir='ltr'>inimicitias</span> <span class='ocrx_word' id='word_1_110' title='bbox 1076 1478 1144 1523; x_wconf 90' lang='lat' dir='ltr'>non</span> 
     </span>
     <span class='ocr_line' id='line_1_15' title="bbox 133 1543 1143 1613; baseline -0.003 0"><span class='ocrx_word' id='word_1_111' title='bbox 133 1547 268 1613; x_wconf 90' lang='lat' dir='ltr'>destitit.</span> <span class='ocrx_word' id='word_1_112' title='bbox 301 1543 448 1610; x_wconf 89' lang='lat' dir='ltr'>amultis</span> <span class='ocrx_word' id='word_1_113' title='bbox 463 1546 609 1610; x_wconf 85' lang='lat' dir='ltr'>tentatus</span> <span class='ocrx_word' id='word_1_114' title='bbox 627 1566 694 1609; x_wconf 91' lang='lat' dir='ltr'>non</span> <span class='ocrx_word' id='word_1_115' title='bbox 712 1543 808 1610; x_wconf 91' lang='lat' dir='ltr'>modo</span> <span class='ocrx_word' id='word_1_116' title='bbox 825 1544 953 1610; x_wconf 89' lang='lat' dir='ltr'>nullum</span> <span class='ocrx_word' id='word_1_117' title='bbox 971 1543 1143 1610; x_wconf 86' lang='lat' dir='ltr'>detrimen·</span> 
     </span>
     <span class='ocr_line' id='line_1_16' title="bbox 133 1631 1142 1717; baseline -0.004 -16"><span class='ocrx_word' id='word_1_118' title='bbox 133 1641 204 1702; x_wconf 90' lang='lat' dir='ltr'>tum</span> <span class='ocrx_word' id='word_1_119' title='bbox 231 1631 483 1700; x_wconf 76' lang='lat' dir='ltr'>existimationis</span> <span class='ocrx_word' id='word_1_120' title='bbox 510 1631 603 1716; x_wconf 85' lang='lat' dir='ltr'>fecit,</span> <span class='ocrx_word' id='word_1_121' title='bbox 631 1633 701 1717; x_wconf 86' lang='lat' dir='ltr'>sed,</span> <span class='ocrx_word' id='word_1_122' title='bbox 729 1633 836 1717; x_wconf 83' lang='lat' dir='ltr'>quoad</span> <span class='ocrx_word' id='word_1_123' title='bbox 858 1632 953 1717; x_wconf 80' lang='lat' dir='ltr'>vixit,</span> <span class='ocrx_word' id='word_1_124' title='bbox 983 1633 1142 1698; x_wconf 86' lang='lat' dir='ltr'>virtutum</span> 
     </span>
     <span class='ocr_line' id='line_1_17' title="bbox 132 1721 362 1790; baseline -0.017 0"><span class='ocrx_word' id='word_1_125' title='bbox 132 1723 228 1790; x_wconf 85' lang='lat' dir='ltr'>leude</span> <span class='ocrx_word' id='word_1_126' title='bbox 251 1721 362 1787; x_wconf 81' lang='lat' dir='ltr'>crevit</span> 
     </span>
    </p>

    <p class='ocr_par' dir='ltr' id='par_1_5' title="bbox 44 1808 1182 2860">
     <span class='ocr_line' id='line_1_18' title="bbox 221 1808 1182 1894; baseline -0.002 -20"><span class='ocrx_word' id='word_1_127' title='bbox 221 1809 262 1874; x_wconf 91' lang='lat' dir='ltr'>In</span> <span class='ocrx_word' id='word_1_128' title='bbox 285 1808 435 1874; x_wconf 86' lang='lat' dir='ltr'>omnibus</span> <span class='ocrx_word' id='word_1_129' title='bbox 458 1810 554 1874; x_wconf 88' lang='lat' dir='ltr'>rebus</span> <span class='ocrx_word' id='word_1_130' title='bbox 582 1809 741 1894; x_wconf 83' lang='lat' dir='ltr'>singulari</span> <span class='ocrx_word' id='word_1_131' title='bbox 770 1809 834 1874; x_wconf 88' lang='lat' dir='ltr'>fuit</span> <span class='ocrx_word' id='word_1_132' title='bbox 860 1810 1035 1875; x_wconf 87' lang='lat' dir='ltr'>industria:</span> <span class='ocrx_word' id='word_1_133' title='bbox 1066 1809 1182 1874; x_wconf 86' lang='lat' dir='ltr'>nam3</span> 
     </span>
     <span class='ocr_line' id='line_1_19' title="bbox 134 1896 1142 1985; baseline -0.004 -19"><span class='ocrx_word' id='word_1_134' title='bbox 134 1905 168 1966; x_wconf 89' lang='lat' dir='ltr'>et</span> <span class='ocrx_word' id='word_1_135' title='bbox 186 1897 331 1985; x_wconf 83' lang='lat' dir='ltr'>agricola</span> <span class='ocrx_word' id='word_1_136' title='bbox 349 1896 463 1961; x_wconf 86' lang='lat' dir='ltr'>sollers</span> <span class='ocrx_word' id='word_1_137' title='bbox 482 1899 516 1959; x_wconf 92' lang='lat' dir='ltr'>et</span> <span class='ocrx_word' id='word_1_138' title='bbox 532 1896 658 1980; x_wconf 89' lang='lat' dir='ltr'>peritus</span> <span class='ocrx_word' id='word_1_139' title='bbox 676 1897 937 1965; x_wconf 87' lang='lat' dir='ltr'>iurisconsultus</span> <span class='ocrx_word' id='word_1_140' title='bbox 953 1901 987 1962; x_wconf 90' lang='lat' dir='ltr'>et</span> <span class='ocrx_word' id='word_1_141' title='bbox 1005 1918 1142 1983; x_wconf 84' lang='lat' dir='ltr'>magnus</span> 
     </span>
     <span class='ocr_line' id='line_1_20' title="bbox 134 1982 1143 2072; baseline -0.006 -18"><span class='ocrx_word' id='word_1_142' title='bbox 134 1989 314 2072; x_wconf 89' lang='lat' dir='ltr'>imperator</span> <span class='ocrx_word' id='word_1_143' title='bbox 341 1988 375 2048; x_wconf 91' lang='lat' dir='ltr'>et</span> <span class='ocrx_word' id='word_1_144' title='bbox 402 1982 581 2067; x_wconf 81' lang='lat' dir='ltr'>probabilis</span> <span class='ocrx_word' id='word_1_145' title='bbox 610 1987 722 2049; x_wconf 88' lang='lat' dir='ltr'>orator</span> <span class='ocrx_word' id='word_1_146' title='bbox 743 1989 777 2048; x_wconf 91' lang='lat' dir='ltr'>et</span> <span class='ocrx_word' id='word_1_147' title='bbox 800 1984 1029 2067; x_wconf 84' lang='lat' dir='ltr'>cupidissimus</span> <span class='ocrx_word' id='word_1_148' title='bbox 1055 1983 1143 2048; x_wconf 77' lang='lat' dir='ltr'>litte</span> 
     </span>
     <span class='ocr_line' id='line_1_21' title="bbox 134 2071 1178 2156; baseline -0.007 -14"><span class='ocrx_word' id='word_1_149' title='bbox 134 2097 245 2142; x_wconf 84' lang='lat' dir='ltr'>rarum</span> <span class='ocrx_word' id='word_1_150' title='bbox 271 2073 343 2138; x_wconf 73' lang='lat' dir='ltr'>fine</span> <span class='ocrx_word' id='word_1_151' title='bbox 390 2092 526 2155; x_wconf 88' lang='lat' dir='ltr'>quarum</span> <span class='ocrx_word' id='word_1_152' title='bbox 554 2071 699 2137; x_wconf 87' lang='lat' dir='ltr'>studium</span> <span class='ocrx_word' id='word_1_153' title='bbox 725 2072 789 2138; x_wconf 87' lang='lat' dir='ltr'>etsi</span> <span class='ocrx_word' id='word_1_154' title='bbox 816 2071 925 2136; x_wconf 90' lang='lat' dir='ltr'>senior</span> <span class='ocrx_word' id='word_1_155' title='bbox 952 2071 1178 2156; x_wconf 65' lang='lat' dir='ltr'>er&#39;ripuerat,a</span> 
     </span>
     <span class='ocr_line' id='line_1_22' title="bbox 134 2158 1143 2245; baseline -0.007 -14"><span class='ocrx_word' id='word_1_156' title='bbox 134 2171 245 2230; x_wconf 91' lang='lat' dir='ltr'>tamen</span> <span class='ocrx_word' id='word_1_157' title='bbox 267 2164 397 2226; x_wconf 84' lang='lat' dir='ltr'>tantum</span> <span class='ocrx_word' id='word_1_158' title='bbox 419 2179 631 2245; x_wconf 78' lang='lat' dir='ltr'>progressum</span> <span class='ocrx_word' id='word_1_159' title='bbox 660 2159 752 2244; x_wconf 86' lang='lat' dir='ltr'>fecit,</span> <span class='ocrx_word' id='word_1_160' title='bbox 774 2163 813 2224; x_wconf 91' lang='lat' dir='ltr'>ut</span> <span class='ocrx_word' id='word_1_161' title='bbox 838 2181 905 2223; x_wconf 89' lang='lat' dir='ltr'>non</span> <span class='ocrx_word' id='word_1_162' title='bbox 932 2158 1027 2224; x_wconf 86' lang='lat' dir='ltr'>facile</span> <span class='ocrx_word' id='word_1_163' title='bbox 1054 2181 1143 2244; x_wconf 80' lang='lat' dir='ltr'>repe</span> 
     </span>
     <span class='ocr_line' id='line_1_23' title="bbox 134 2245 1143 2337; baseline -0.008 -17"><span class='ocrx_word' id='word_1_164' title='bbox 134 2254 192 2320; x_wconf 87' lang='lat' dir='ltr'>riri</span> <span class='ocrx_word' id='word_1_165' title='bbox 214 2251 448 2337; x_wconf 88' lang='lat' dir='ltr'>possitneque</span> <span class='ocrx_word' id='word_1_166' title='bbox 471 2249 510 2312; x_wconf 91' lang='lat' dir='ltr'>de</span> <span class='ocrx_word' id='word_1_167' title='bbox 534 2245 667 2314; x_wconf 84' lang='lat' dir='ltr'>Graecis</span> <span class='ocrx_word' id='word_1_168' title='bbox 689 2269 794 2332; x_wconf 87' lang='lat' dir='ltr'>neque</span> <span class='ocrx_word' id='word_1_169' title='bbox 817 2248 856 2313; x_wconf 92' lang='lat' dir='ltr'>de</span> <span class='ocrx_word' id='word_1_170' title='bbox 883 2245 1009 2312; x_wconf 86' lang='lat' dir='ltr'>Italicis</span> <span class='ocrx_word' id='word_1_171' title='bbox 1036 2247 1143 2332; x_wconf 87' lang='lat' dir='ltr'>rebus,</span> 
     </span>
     <span class='ocr_line' id='line_1_24' title="bbox 44 2335 1144 2427; baseline -0.007 -19"><span class='ocrx_word' id='word_1_172' title='bbox 44 2384 48 2395; x_wconf 88' lang='lat'>·</span> <span class='ocrx_word' id='word_1_173' title='bbox 135 2341 221 2427; x_wconf 91' lang='lat' dir='ltr'>quod</span> <span class='ocrx_word' id='word_1_174' title='bbox 244 2340 275 2406; x_wconf 92' lang='lat' dir='ltr'>ei</span> <span class='ocrx_word' id='word_1_175' title='bbox 301 2337 403 2403; x_wconf 80' lang='lat' dir='ltr'>fuerit</span> <span class='ocrx_word' id='word_1_176' title='bbox 429 2337 642 2422; x_wconf 79' lang='lat' dir='ltr'>incognitum.</span> <span class='ocrx_word' id='word_1_177' title='bbox 688 2343 728 2401; x_wconf 89' lang='lat' dir='ltr'>ab</span> <span class='ocrx_word' id='word_1_178' title='bbox 757 2335 977 2402; x_wconf 84' lang='lat' dir='ltr'>adulescentia</span> <span class='ocrx_word' id='word_1_179' title='bbox 1004 2335 1144 2402; x_wconf 86' lang='lat' dir='ltr'>confecit</span> 
     </span>
     <span class='ocr_line' id='line_1_25' title="bbox 135 2425 1178 2496; baseline -0.01 0"><span class='ocrx_word' id='word_1_180' title='bbox 135 2430 308 2496; x_wconf 88' lang='lat' dir='ltr'>orationes.</span> <span class='ocrx_word' id='word_1_181' title='bbox 354 2447 451 2492; x_wconf 84' lang='lat' dir='ltr'>senex</span> <span class='ocrx_word' id='word_1_182' title='bbox 477 2425 635 2490; x_wconf 88' lang='lat' dir='ltr'>historias</span> <span class='ocrx_word' id='word_1_183' title='bbox 663 2425 805 2492; x_wconf 88' lang='lat' dir='ltr'>scribere</span> <span class='ocrx_word' id='word_1_184' title='bbox 832 2425 986 2492; x_wconf 84' lang='lat' dir='ltr'>instituit</span> <span class='ocrx_word' id='word_1_185' title='bbox 1032 2439 1178 2490; x_wconf 69' lang='lat' dir='ltr'>emumu</span> 
     </span>
     <span class='ocr_line' id='line_1_26' title="bbox 135 2514 1144 2601; baseline -0.005 -18"><span class='ocrx_word' id='word_1_186' title='bbox 135 2523 212 2584; x_wconf 88' lang='lat' dir='ltr'>sunt</span> <span class='ocrx_word' id='word_1_187' title='bbox 233 2516 312 2581; x_wconf 89' lang='lat' dir='ltr'>libri</span> <span class='ocrx_word' id='word_1_188' title='bbox 335 2519 469 2599; x_wconf 80' lang='lat' dir='ltr'>septem</span> <span class='ocrx_word' id='word_1_189' title='bbox 503 2514 628 2599; x_wconf 89' lang='lat' dir='ltr'>primus</span> <span class='ocrx_word' id='word_1_190' title='bbox 651 2515 797 2580; x_wconf 91' lang='lat' dir='ltr'>continet</span> <span class='ocrx_word' id='word_1_191' title='bbox 819 2535 871 2578; x_wconf 89' lang='lat' dir='ltr'>res</span> <span class='ocrx_word' id='word_1_192' title='bbox 894 2517 1005 2601; x_wconf 79' lang='lat' dir='ltr'>gestes</span> <span class='ocrx_word' id='word_1_193' title='bbox 1028 2534 1144 2599; x_wconf 75' lang='lat' dir='ltr'>regum</span> 
     </span>
     <span class='ocr_line' id='line_1_27' title="bbox 134 2602 1143 2692; baseline -0.007 -20"><span class='ocrx_word' id='word_1_194' title='bbox 134 2605 248 2692; x_wconf 91' lang='lat' dir='ltr'>populi</span> <span class='ocrx_word' id='word_1_195' title='bbox 279 2602 437 2684; x_wconf 84' lang='lat' dir='ltr'>Romani,</span> <span class='ocrx_word' id='word_1_196' title='bbox 473 2602 630 2666; x_wconf 82' lang='lat' dir='ltr'>secundus</span> <span class='ocrx_word' id='word_1_197' title='bbox 662 2607 696 2665; x_wconf 88' lang='lat' dir='ltr'>et</span> <span class='ocrx_word' id='word_1_198' title='bbox 732 2602 849 2667; x_wconf 78' lang='lat' dir='ltr'>tertius</span> <span class='ocrx_word' id='word_1_199' title='bbox 881 2602 965 2666; x_wconf 90' lang='lat' dir='ltr'>unde</span> <span class='ocrx_word' id='word_1_200' title='bbox 998 2623 1143 2686; x_wconf 89' lang='lat' dir='ltr'>quaeque</span> 
     </span>
     <span class='ocr_line' id='line_1_28' title="bbox 105 2687 1144 2772; baseline -0.008 -13"><span class='ocrx_word' id='word_1_201' title='bbox 105 2726 107 2730; x_wconf 47' lang='lat'><strong><em>¹</em></strong></span> <span class='ocrx_word' id='word_1_202' title='bbox 136 2693 252 2760; x_wconf 87' lang='lat' dir='ltr'>civitas</span> <span class='ocrx_word' id='word_1_203' title='bbox 281 2694 354 2754; x_wconf 82' lang='lat' dir='ltr'>orte</span> <span class='ocrx_word' id='word_1_204' title='bbox 380 2689 425 2752; x_wconf 89' lang='lat' dir='ltr'>sit</span> <span class='ocrx_word' id='word_1_205' title='bbox 452 2687 581 2771; x_wconf 86' lang='lat' dir='ltr'>Italica,</span> <span class='ocrx_word' id='word_1_206' title='bbox 611 2689 653 2752; x_wconf 94' lang='lat' dir='ltr'>ob</span> <span class='ocrx_word' id='word_1_207' title='bbox 682 2709 780 2771; x_wconf 86' lang='lat' dir='ltr'>quam</span> <span class='ocrx_word' id='word_1_208' title='bbox 807 2710 877 2752; x_wconf 91' lang='lat' dir='ltr'>rem</span> <span class='ocrx_word' id='word_1_209' title='bbox 901 2709 1013 2753; x_wconf 89' lang='lat' dir='ltr'>omnes</span> <span class='ocrx_word' id='word_1_210' title='bbox 1038 2687 1144 2772; x_wconf 86' lang='lat' dir='ltr'>Origi-</span> 
     </span>
     <span class='ocr_line' id='line_1_29' title="bbox 135 2774 1144 2860; baseline -0.009 -13"><span class='ocrx_word' id='word_1_211' title='bbox 135 2803 193 2847; x_wconf 85' lang='lat' dir='ltr'>nes</span> <span class='ocrx_word' id='word_1_212' title='bbox 228 2779 356 2844; x_wconf 83' lang='lat' dir='ltr'>videtur</span> <span class='ocrx_word' id='word_1_213' title='bbox 398 2775 587 2860; x_wconf 87' lang='lat' dir='ltr'>appellasse.</span> <span class='ocrx_word' id='word_1_214' title='bbox 641 2775 676 2840; x_wconf 92' lang='lat' dir='ltr'>in</span> <span class='ocrx_word' id='word_1_215' title='bbox 712 2779 829 2860; x_wconf 87' lang='lat' dir='ltr'>quarto</span> <span class='ocrx_word' id='word_1_216' title='bbox 871 2779 981 2840; x_wconf 81' lang='lat' dir='ltr'>autem</span> <span class='ocrx_word' id='word_1_217' title='bbox 1020 2774 1144 2839; x_wconf 93' lang='lat' dir='ltr'>bellum</span> 
     </span>
    </p>
   </div>
   <div class='ocr_carea' id='block_1_5' title="bbox 7 2861 1178 2948">
    <p class='ocr_par' dir='ltr' id='par_1_6' title="bbox 7 2861 1178 2948">
     <span class='ocr_line' id='line_1_30' title="bbox 7 2861 1178 2948; baseline -0.008 -13"><span class='ocrx_word' id='word_1_218' title='bbox 7 2861 11 2890; x_wconf 81' lang='lat'><strong>¹</strong></span> <span class='ocrx_word' id='word_1_219' title='bbox 46 2919 49 2925; x_wconf 84' lang='lat'><em>-</em></span> <span class='ocrx_word' id='word_1_220' title='bbox 137 2868 313 2936; x_wconf 89' lang='lat' dir='ltr'>Poenicum</span> <span class='ocrx_word' id='word_1_221' title='bbox 342 2868 393 2930; x_wconf 89' lang='lat' dir='ltr'>est</span> <span class='ocrx_word' id='word_1_222' title='bbox 424 2864 579 2948; x_wconf 89' lang='lat' dir='ltr'>primum,</span> <span class='ocrx_word' id='word_1_223' title='bbox 606 2863 642 2929; x_wconf 90' lang='lat' dir='ltr'>in</span> <span class='ocrx_word' id='word_1_224' title='bbox 671 2863 785 2948; x_wconf 90' lang='lat' dir='ltr'>quinto</span> <span class='ocrx_word' id='word_1_225' title='bbox 815 2863 999 2928; x_wconf 78' lang='lat' dir='ltr'>secundum.</span> <span class='ocrx_word' id='word_1_226' title='bbox 1045 2867 1178 2946; x_wconf 75' lang='lat' dir='ltr'>atquee</span> 
     </span>
    </p>
   </div>
   <div class='ocr_carea' id='block_1_6' title="bbox 134 2951 1145 3485">
    <p class='ocr_par' dir='ltr' id='par_1_7' title="bbox 134 2951 1145 3485">
     <span class='ocr_line' id='line_1_31' title="bbox 134 2951 1144 3038; baseline -0.01 -13"><span class='ocrx_word' id='word_1_227' title='bbox 134 2959 215 3024; x_wconf 87' lang='lat' dir='ltr'>haec</span> <span class='ocrx_word' id='word_1_228' title='bbox 243 2955 352 3021; x_wconf 86' lang='lat' dir='ltr'>omnia</span> <span class='ocrx_word' id='word_1_229' title='bbox 380 2951 586 3038; x_wconf 86' lang='lat' dir='ltr'>capitulatim</span> <span class='ocrx_word' id='word_1_230' title='bbox 614 2955 691 3018; x_wconf 88' lang='lat' dir='ltr'>sunt</span> <span class='ocrx_word' id='word_1_231' title='bbox 720 2952 816 3017; x_wconf 85' lang='lat' dir='ltr'>dicta.</span> <span class='ocrx_word' id='word_1_232' title='bbox 861 2951 988 3036; x_wconf 87' lang='lat' dir='ltr'>reliqua</span> <span class='ocrx_word' id='word_1_233' title='bbox 1015 2972 1144 3035; x_wconf 90' lang='lat' dir='ltr'>quoque</span> 
     </span>
     <span class='ocr_line' id='line_1_32' title="bbox 135 3039 1143 3125; baseline -0.008 -12"><span class='ocrx_word' id='word_1_234' title='bbox 135 3047 222 3113; x_wconf 88' lang='lat' dir='ltr'>bella</span> <span class='ocrx_word' id='word_1_235' title='bbox 272 3044 320 3108; x_wconf 82' lang='lat' dir='ltr'>ari</span> <span class='ocrx_word' id='word_1_236' title='bbox 348 3042 444 3108; x_wconf 92' lang='lat' dir='ltr'>modo</span> <span class='ocrx_word' id='word_1_237' title='bbox 471 3044 661 3125; x_wconf 85' lang='lat' dir='ltr'>persecutus</span> <span class='ocrx_word' id='word_1_238' title='bbox 685 3045 861 3125; x_wconf 81' lang='lat' dir='ltr'>estusque</span> <span class='ocrx_word' id='word_1_239' title='bbox 889 3039 930 3104; x_wconf 81' lang='lat' dir='ltr'>ed</span> <span class='ocrx_word' id='word_1_240' title='bbox 956 3043 1143 3124; x_wconf 86' lang='lat' dir='ltr'>praeturam</span> 
     </span>
     <span class='ocr_line' id='line_1_33' title="bbox 138 3067 1144 3216; baseline -0.007 -15"><span class='ocrx_word' id='word_1_241' title='bbox 138 3133 205 3201; x_wconf 89' lang='lat' dir='ltr'>Ser.</span> <span class='ocrx_word' id='word_1_242' title='bbox 238 3067 376 3216; x_wconf 70' lang='lat' dir='ltr'>deltae,</span> <span class='ocrx_word' id='word_1_243' title='bbox 409 3130 465 3215; x_wconf 90' lang='lat' dir='ltr'>qui</span> <span class='ocrx_word' id='word_1_244' title='bbox 497 3129 632 3213; x_wconf 88' lang='lat' dir='ltr'>diripuit</span> <span class='ocrx_word' id='word_1_245' title='bbox 663 3127 860 3194; x_wconf 89' lang='lat' dir='ltr'>Lusitanos:</span> <span class='ocrx_word' id='word_1_246' title='bbox 896 3132 994 3212; x_wconf 89' lang='lat' dir='ltr'>atque</span> <span class='ocrx_word' id='word_1_247' title='bbox 1025 3127 1144 3194; x_wconf 89' lang='lat' dir='ltr'>horum</span> 
     </span>
     <span class='ocr_line' id='line_1_34' title="bbox 136 3216 1143 3302; baseline -0.007 -14"><span class='ocrx_word' id='word_1_248' title='bbox 136 3223 297 3288; x_wconf 89' lang='lat' dir='ltr'>bellorum</span> <span class='ocrx_word' id='word_1_249' title='bbox 329 3220 425 3285; x_wconf 89' lang='lat' dir='ltr'>duces</span> <span class='ocrx_word' id='word_1_250' title='bbox 451 3239 518 3284; x_wconf 91' lang='lat' dir='ltr'>non</span> <span class='ocrx_word' id='word_1_251' title='bbox 549 3217 744 3302; x_wconf 86' lang='lat' dir='ltr'>nominavit,</span> <span class='ocrx_word' id='word_1_252' title='bbox 777 3217 833 3282; x_wconf 90' lang='lat' dir='ltr'>sed</span> <span class='ocrx_word' id='word_1_253' title='bbox 861 3217 930 3282; x_wconf 87' lang='lat' dir='ltr'>sine</span> <span class='ocrx_word' id='word_1_254' title='bbox 957 3216 1143 3283; x_wconf 89' lang='lat' dir='ltr'>nominibus</span> 
     </span>
     <span class='ocr_line' id='line_1_35' title="bbox 136 3303 1144 3391; baseline -0.011 -14"><span class='ocrx_word' id='word_1_255' title='bbox 136 3332 188 3378; x_wconf 89' lang='lat' dir='ltr'>res</span> <span class='ocrx_word' id='word_1_256' title='bbox 215 3308 352 3375; x_wconf 84' lang='lat' dir='ltr'>notavit.</span> <span class='ocrx_word' id='word_1_257' title='bbox 396 3309 431 3372; x_wconf 87' lang='lat' dir='ltr'>in</span> <span class='ocrx_word' id='word_1_258' title='bbox 458 3305 579 3371; x_wconf 89' lang='lat' dir='ltr'>eisdem</span> <span class='ocrx_word' id='word_1_259' title='bbox 606 3307 769 3391; x_wconf 90' lang='lat' dir='ltr'>exposuit,</span> <span class='ocrx_word' id='word_1_260' title='bbox 800 3327 882 3390; x_wconf 84' lang='lat' dir='ltr'>quae</span> <span class='ocrx_word' id='word_1_261' title='bbox 910 3305 945 3369; x_wconf 91' lang='lat' dir='ltr'>in</span> <span class='ocrx_word' id='word_1_262' title='bbox 967 3303 1064 3370; x_wconf 87' lang='lat' dir='ltr'>Italia</span> <span class='ocrx_word' id='word_1_263' title='bbox 1087 3303 1144 3368; x_wconf 92' lang='lat' dir='ltr'>Hi-</span> 
     </span>
     <span class='ocr_line' id='line_1_36' title="bbox 137 3391 1145 3485; baseline -0.013 -19"><span class='ocrx_word' id='word_1_264' title='bbox 137 3398 323 3485; x_wconf 88' lang='lat' dir='ltr'>spaniisque</span> <span class='ocrx_word' id='word_1_265' title='bbox 347 3397 419 3476; x_wconf 86' lang='lat' dir='ltr'>[ant</span> <span class='ocrx_word' id='word_1_266' title='bbox 440 3395 556 3460; x_wconf 85' lang='lat' dir='ltr'>flerent</span> <span class='ocrx_word' id='word_1_267' title='bbox 578 3397 648 3476; x_wconf 85' lang='lat' dir='ltr'>aut]</span> <span class='ocrx_word' id='word_1_268' title='bbox 672 3395 858 3460; x_wconf 89' lang='lat' dir='ltr'>viderentur</span> <span class='ocrx_word' id='word_1_269' title='bbox 880 3393 1080 3459; x_wconf 86' lang='lat' dir='ltr'>admiranda:</span> <span class='ocrx_word' id='word_1_270' title='bbox 1110 3391 1145 3455; x_wconf 91' lang='lat' dir='ltr'>in</span> 
     </span>
    </p>
   </div>
   <div class='ocr_carea' id='block_1_7' title="bbox 137 3479 1145 3642">
    <p class='ocr_par' dir='ltr' id='par_1_8' title="bbox 137 3479 1145 3642">
     <span class='ocr_line' id='line_1_37' title="bbox 137 3479 1145 3642; baseline -0.01 -89"><span class='ocrx_word' id='word_1_271' title='bbox 137 3487 254 3642; x_wconf 50' lang='lat' dir='ltr'>guilhrus</span> <span class='ocrx_word' id='word_1_272' title='bbox 278 3484 383 3550; x_wconf 86' lang='lat' dir='ltr'>multa</span> <span class='ocrx_word' id='word_1_273' title='bbox 404 3483 566 3548; x_wconf 83' lang='lat' dir='ltr'>industria</span> <span class='ocrx_word' id='word_1_274' title='bbox 589 3487 622 3547; x_wconf 90' lang='lat' dir='ltr'>et</span> <span class='ocrx_word' id='word_1_275' title='bbox 649 3483 820 3568; x_wconf 80' lang='lat' dir='ltr'>diligentia</span> <span class='ocrx_word' id='word_1_276' title='bbox 848 3485 1027 3567; x_wconf 88' lang='lat' dir='ltr'>comparet,</span> <span class='ocrx_word' id='word_1_277' title='bbox 1054 3479 1145 3544; x_wconf 87' lang='lat' dir='ltr'>nulla</span> 
     </span>
     <span class='ocr_line' id='line_1_38' title="bbox 159 3597 290 3642; baseline -0.038 0"><span class='ocrx_word' id='word_1_278' title='bbox 159 3599 196 3642; x_wconf 91' lang='lat' dir='ltr'>oc</span> <span class='ocrx_word' id='word_1_279' title='bbox 213 3597 290 3642; x_wconf 85' lang='lat' dir='ltr'>una.</span> 
     </span>
    </p>
   </div>
   <div class='ocr_carea' id='block_1_8' title="bbox 950 3673 986 3722">
    <p class='ocr_par' dir='ltr' id='par_1_9' title="bbox 950 3673 986 3722">
     <span class='ocr_line' id='line_1_39' title="bbox 950 3673 986 3722; baseline 0 -19"><span class='ocrx_word' id='word_1_280' title='bbox 950 3673 986 3722; x_wconf 63' lang='grc'>71</span> 
     </span>
    </p>
   </div>
   <div class='ocr_carea' id='block_1_9' title="bbox 0 0 1305 3910">
    <p class='ocr_par' dir='ltr' id='par_1_10' title="bbox 0 0 1305 3910">
     <span class='ocr_line' id='line_1_40' title="bbox 0 0 1305 3910; baseline 0 0"><span class='ocrx_word' id='word_1_281' title='bbox 0 0 1305 3910; x_wconf 95' lang='lat' dir='ltr'> </span> 
     </span>
    </p>
   </div>
  </div>
 </body>
</html>
