2596 3910
437 207 536 263 XVIII.
555 207 736 262 nunfflnns.
766 212 790 262 1.
808 213 833 261 Ξ.
1102 207 1141 270 71

137 351 304 436 florerent,
331 351 471 417 multum
494 352 525 417 ei
548 351 689 417 detraxit
712 351 875 416 intereos
899 351 1034 436 viventi,
1058 352 1144 434 quod

138 440 262 506 alienae
289 444 360 506 erat
388 440 545 524 civitatis,
575 461 679 524 neque
707 439 795 504 aliud
821 439 897 504 huic
921 438 1023 503 defuit
1047 460 1145 522 qnam

138 549 338 614 generosas
341 529 432 613 tirps.
478 527 541 593 etsi
564 528 650 594 enim
673 528 853 594 domestico
877 549 1003 593 summo
1026 545 1179 612 generes

138 620 221 702 erat,
248 620 359 682 tamen
381 615 573 681 Macedones
601 639 675 682 enm
702 616 766 682 sibi
794 615 1034 699 aliquandoan
991 615 1146 716 anteponi

137 705 269 791 indigne
292 705 454 788 ferebant,
476 726 580 788 neque
603 709 714 770 tamen
735 726 802 770 non
823 704 994 789 patiebant
994 725 1047 767 ur:
1079 702 1146 767 vin·

139 794 233 859 cebet
219 793 335 858 tanim
350 813 461 858 omnes
476 815 561 894 cura,
580 793 728 879 vigilant'
719 816 760 878 1a,
778 797 836 922 pat
837 793 905 859 ient
907 792 947 877 ia,
891 791 1145 857 tcalliditate

139 885 172 946 et
195 881 308 948 eelerit
310 881 394 946 ate
385 881 517 966 ingenii.

227 969 291 1034 Hic
313 969 631 1052 peradulescentulus
654 970 695 1033 ad
718 970 898 1034 amicitiam
916 969 1053 1034 accessit
1071 968 1146 1033 Phi·
1164 984 1181 1033 4

138 1057 231 1142 lippi,
253 1056 377 1141 Amynt
378 1079 415 1122 ae
434 1057 503 1141 filii,
526 1057 680 1140 brevique
699 1061 846 1142 tempore
864 1060 899 1122 in
912 1057 1063 1122 intimam
1076 1079 1146 1141 per-

138 1145 229 1209 venit
251 1143 521 1209 familiaritatem:
543 1145 692 1229 fulgebat
715 1145 801 1209 enirn
823 1147 889 1210 iam
912 1145 946 1210 in
965 1146 1147 1210 adulescen-

139 1233 211 1298 tulo
238 1232 363 1296 indoles
385 1233 527 1297 virtutis.
572 1233 683 1316 itaque
707 1254 782 1297 enm
808 1233 925 1296 habuit
952 1233 993 1296 ad
1015 1249 1182 1298 manumo

140 1320 266 1386 scribae
289 1320 371 1404 loco,
395 1321 482 1403 quod
504 1319 609 1384 multo
633 1320 718 1404 apud
738 1318 854 1385 Graios
877 1320 1146 1385 honorificentius

140 1412 192 1474 est
215 1430 312 1493 quam
336 1408 421 1492 apud
443 1407 618 1473 Romanos.
652 1429 791 1492 namque
815 1409 900 1492 apud
921 1429 992 1494 nos,
1014 1429 1049 1473 rs
1072 1429 1148 1472 vera

140 1497 226 1562 sicut
248 1500 334 1580 sunt,
357 1497 569 1564 mercennarii
593 1497 718 1562 scribae
737 1497 980 1582 existimantem
1003 1500 1038 1560 at
1064 1496 1148 1580 apud

139 1585 214 1650 illos
237 1607 255 1650 e
278 1585 443 1651 contrario
466 1606 562 1650 nemo
586 1585 626 1650 ad
649 1585 683 1649 id
707 1584 851 1651 officium
874 1585 1061 1650 admittitur
1083 1584 1148 1649 nisi

139 1673 278 1738 honesto
306 1674 393 1758 loco,
420 1677 454 1738 st
481 1673 544 1738 fide
568 1677 602 1739 et
629 1673 790 1739 industria
813 1674 958 1761 cognita,
987 1673 1073 1758 qnod
1095 1694 1149 1738 ne·

141 1781 231 1826 cesse
258 1764 309 1825 est
337 1761 482 1825 omnium
509 1763 719 1827 consiliorum
747 1785 821 1828 eum
848 1785 918 1828 esse
946 1762 1148 1846 participem

139 1849 227 1914 hunc
253 1849 362 1913 locum
392 1848 499 1914 tenuit
528 1850 689 1914 amicitiae
717 1852 802 1934 apud
829 1851 1019 1934 Philippum
1046 1865 1183 1915 annoso

142 1941 276 2021 septem.
321 1936 379 2000 illo
407 1935 580 2002 interfecto
608 1938 722 2002 eodem
752 1937 855 2022 gradu
878 1937 942 2002 fuit
965 1937 1051 2021 apud
1073 1937 1149 2002 Ale-

140 2024 302 2090 xandrum
334 2045 435 2089 annos
468 2023 632 2089 tredecim.
676 2024 855 2088 novissimo
884 2028 1031 2108 tempore
1060 2045 1150 2107 prae·

140 2113 207 2178 fnit
229 2113 329 2178 etiam
352 2113 474 2178 alterae
492 2112 639 2195 equitum
658 2112 737 2196 alae,
760 2133 842 2194 quae
856 2109 1028 2177 Hetaerice
1043 2113 1150 2196 appel·

140 2202 281 2266 labatur.
326 2201 456 2284 utrique
485 2204 595 2265 autem
621 2201 657 2265 in
680 2200 816 2265 consilio
846 2221 972 2284 semper
1000 2199 1094 2264 affuit
1117 2205 1151 2265 et

142 2290 287 2356 omnium
310 2311 419 2356 rerum
441 2289 574 2354 habitus
598 2292 649 2353 est
671 2289 844 2373 particeps.

229 2378 415 2443 Alexandro
437 2377 606 2462 Babylone
628 2381 768 2461 mortuo,
791 2398 865 2441 eum
887 2397 989 2464 regna
1011 2377 1190 2463 singulis2

141 2466 360 2532 familiaribus
397 2466 649 2550 dispertirentur
681 2469 715 2531 et
751 2487 878 2531 summa
909 2465 1032 2530 tradita
1063 2469 1151 2532 esset

142 2555 263 2619 tuenda
290 2555 407 2638 eidem,
435 2555 486 2620 cui
514 2553 697 2620 Alexander
724 2554 865 2620 moriens
894 2556 1028 2620 anulum
1055 2576 1151 2620 suum

143 2642 289 2726 dederat,
316 2642 487 2706 Perdiccae
515 2639 569 2727 (ex
596 2663 660 2727 quo
694 2663 805 2707 omnes
838 2642 1043 2707 coniecerant
1076 2656 1185 2708 cuma

142 2730 905 2970 ortt,affirttctttltt53:35
919 2734 1151 2901 etnltll

143 2906 199 2992 qui
232 2906 420 2972 antecedere
451 2906 538 2972 hunc
569 2906 776 2991 videbantu13
808 2909 896 2970 mort
896 2927 957 2970 uus
990 2908 1061 2970 erat
1088 2903 1152 2970 He-

142 2993 268 3077 phaest
259 3017 301 3080 ro,
325 3016 421 3079 quem
443 3016 544 3060 unum
558 2993 750 3079 Alexander,
774 2993 860 3077 quod
883 2992 1052 3058 facilet
1002 3015 1037 3057 ιιι
1038 2993 1152 3080 tellegi

142 3087 263 3166 posset,
286 3083 420 3184 plurimi
442 3080 588 3168 fecerat),
611 3083 673 3147 hoc
692 3087 839 3166 tempore
858 3081 935 3145 data
948 3085 999 3145 est
1012 3079 1152 3147 Eumeni

144 3133 349 3253 Cappadocia
376 3172 443 3236 sive
469 3171 581 3256 potius
609 3171 710 3235 dicta:
742 3191 819 3234 narn
845 3173 917 3234 tum
943 3170 978 3234 in
1006 3169 1153 3236 hostium

143 3261 290 3323 eratt
232 3262 290 3342 pot
293 3263 363 3324 esta
364 3263 405 3324 te.
364 3259 528 3324 thuna
547 3259 610 3323 sibi
624 3257 795 3325 Perdiccas
819 3257 1009 3322 adiunxerat
994 3261 1187 3344 tmagnoa

144 3344 262 3429 studio,
286 3347 372 3430 quod
394 3346 430 3410 in
451 3347 583 3411 homine
606 3345 704 3410 fidem
727 3349 761 3410 et
783 3345 978 3410 industriam
1001 3367 1154 3430 magnam

142 3432 284 3516 videbat,
306 3455 373 3495 non
395 3434 558 3515 dubitans,
582 3434 610 3495 si
629 3455 703 3495 eum
721 3434 918 3516 pellexisset,
941 3453 1060 3515 magno
1078 3432 1153 3495 usui

142 3519 212 3582 fore
232 3518 296 3583 sibi
314 3519 349 3582 in
368 3519 415 3582 eis
434 3519 530 3583 rebus
550 3539 631 3602 quas
651 3519 838 3605 apparabat.
871 3519 1040 3605 cogitabat
1058 3517 1154 3602 enim,
