2598 3906
145 224 186 288 16
459 224 506 281 IV.
526 225 736 282 PAUSANIAS.
766 231 790 280 1.
809 231 835 281 2.

145 373 292 452 satrapes
310 369 429 454 regius,
450 369 583 434 natione
601 367 725 454 Medus,
747 367 833 454 regis
852 388 960 454 gener,
982 367 1152 452 inprimis
1285 367 1286 372 ’

145 457 291 523 omnium
312 456 486 523 Persarum
513 461 547 520 et
573 477 671 522 manu
698 456 794 522 fortis
818 460 852 520 et
874 455 1002 522 consilii
1028 456 1153 539 plenus,

146 567 219 612 cum
242 545 389 612 ducentis
413 544 544 610 milibus
571 544 732 629 peditum,
759 565 841 628 quos
867 543 992 610 viritim
1018 543 1153 629 legerat,

146 637 180 698 et
206 633 324 718 viginti
351 633 497 717 equitum
529 631 615 697 haud
647 633 696 698 ita
726 652 846 718 magna
872 653 971 698 manu
999 629 1153 696 Graeciae

111 737 127 785 s
145 721 278 808 fugatus
302 725 362 806 est,
385 742 487 804 ecque
510 721 580 804 ipse
603 719 668 784 dux
690 721 807 788 cecidit
828 720 963 805 proelio.
1004 740 1069 803 qua
1090 719 1153 784 vic·

146 809 234 874 toria
261 809 365 874 elatus
397 808 540 892 plurima
571 807 706 880 miscere
733 807 842 892 coepit
869 812 903 874 et
929 807 1054 876 maiora
1080 827 1154 872 con·

147 897 319 980 cupiscere.
365 895 421 962 sed
447 897 590 980 primum
617 895 652 960 in
674 917 712 960 eo
736 899 787 965 est
814 896 1040 979 reprehensus,
1067 894 1154 978 quod

147 1006 185 1048 ex
216 984 336 1067 praeda
367 983 529 1067 tripodem
561 1004 694 1049 aureum
724 981 861 1066 Delphis
893 983 1058 1067 posuisset
1089 982 1154 1065 epi-

148 1075 329 1158 grammate
351 1071 523 1156 inscripto,
550 1073 585 1138 in
608 1092 671 1154 quo
694 1071 774 1136 haee
798 1075 868 1139 erat
891 1071 1065 1138 sententia:
1095 1091 1153 1136 suo
1285 1097 1286 1152 i

148 1161 246 1225 ductu
277 1160 434 1225 barbaros
467 1159 553 1244 apud
583 1158 735 1226 Plataeas
765 1179 836 1224 esse
868 1159 992 1225 deletos
1022 1159 1154 1241 eiusque

113 1248 303 1313 trieterica
327 1269 404 1334 ergo
424 1247 571 1332 Apollini
592 1248 627 1314 id
648 1249 769 1314 donum
791 1247 924 1314 dedisse.
958 1248 1019 1312 hos
1041 1267 1155 1312 versus

148 1335 396 1402 Lacedaemonii
428 1337 673 1421 exsculpserunt
703 1357 807 1419 neque
839 1335 926 1400 aliud
956 1335 1156 1417 scripserunt

150 1447 247 1509 quam
264 1424 397 1493 nomina
416 1445 526 1490 earum
545 1424 723 1507 civitatum,
742 1443 878 1505 quarum
897 1421 1017 1486 auxilio
1036 1420 1155 1485 Persae

150 1516 244 1578 erant
265 1512 352 1576 vieti.

114 1600 135 1663 2
237 1599 319 1664 Post
341 1598 374 1662 id
396 1598 555 1682 proelium
578 1596 714 1664 eundem
734 1596 931 1662 Pausaniam
954 1618 1028 1662 cum
1051 1597 1155 1662 classe

150 1686 314 1753 communi
344 1683 487 1768 Cyprum
514 1689 612 1767 atque
639 1683 890 1768 Hellespontum
917 1685 1089 1769 miserunt,
1118 1689 1157 1749 ut

115 1790 131 1838 2
150 1774 243 1839 exiis
257 1772 445 1858 regionibus
463 1773 678 1838 barbarorum
696 1773 859 1856 praesidia
873 1772 1057 1857 depelleret.
1084 1773 1156 1856 pari

148 1861 306 1926 felicitate
334 1861 369 1925 in
396 1883 434 1926 ea
460 1882 495 1925 re
522 1882 599 1927 usus
629 1861 746 1927 elatius
770 1883 804 1927 se
827 1881 939 1946 gerere
962 1861 1070 1946 coepit
1092 1882 1156 1925 ma·

149 1951 299 2034 ioresque
321 1953 473 2034 appetere
496 1971 556 2014 res.
595 1971 670 2016 nam
693 1971 767 2016 cnm
788 1949 948 2034 Byzantio
972 1953 1156 2035 expugnato

151 2039 291 2122 cepisset
309 2039 491 2124 complures
509 2037 683 2104 Persarum
700 2039 827 2104 nobiles
846 2042 945 2122 atque
963 2039 998 2102 in
1016 2038 1062 2103 eis
1080 2058 1157 2102 non·
1285 2047 1286 2060 ¹

150 2127 259 2193 nullos
282 2119 368 2214 regis
391 2128 606 2212 propinqum,
632 2127 693 2193 hos
717 2128 802 2192 clam
824 2125 925 2192 Xerxi
948 2127 1088 2208 remisit,
1118 2125 1157 2189 si·

65 2293 68 2300 1
152 2216 279 2280 mulans
303 2237 343 2280 ex
365 2215 479 2280 vinclis
502 2215 642 2298 publicis
666 2214 832 2298 effugisse,
855 2217 889 2275 et
912 2234 985 2276 enm
1008 2213 1048 2276 iis
1073 2210 1158 2278 Gon·

151 2298 977 2452 tttmfttlt·trqthttttfftzttttt
990 2299 1158 2452 argpirpp

117 2475 356 2558 s‘Pausanias,
379 2473 443 2538 dux
464 2409 612 2557 I§partae
635 2407 717 2555 gnos
734 2471 885 2557 Byzantii
908 2409 1047 2558 ceperit,
1070 2435 1158 2558 post:

154 2584 251 2647 quam
282 2561 482 2646 propinquos
515 2565 590 2626 tuos
619 2561 786 2646 cognovit,
817 2560 879 2626 tibi
911 2562 1038 2629 muneri
1067 2562 1158 2626 misit

35 2665 37 2670 '
153 2671 251 2734 seque
274 2654 381 2715 tecum
405 2648 565 2714 affinitate
588 2648 741 2735 coniungi
764 2649 866 2734 cupit:
904 2672 1017 2735 quare,
1044 2651 1073 2716 si
1096 2651 1158 2715 tibi

117 2739 290 2824 evidetur,
313 2739 368 2804 des
392 2739 422 2803 ei
444 2737 546 2804 filiam
568 2741 659 2803 tuam
681 2741 828 2822 nuptum.
870 2739 904 2804 id
928 2739 956 2804 si
978 2738 1102 2822 feceris,
1125 2743 1159 2802 et

155 2826 307 2912 Spartam
335 2832 368 2891 ct
395 2831 536 2892 ceteram
560 2823 729 2892 Graeciam
757 2827 816 2892 sub
844 2830 936 2892 tuam
960 2830 1158 2910 potestatem

155 2938 188 2980 se
216 2917 387 2980 adiuvante
415 2918 442 2976 te
464 2913 670 2976 redacturum
697 2914 879 2996 pollicetur.
924 2913 976 2978 his
999 2914 1038 2977 de
1061 2914 1157 2977 rebus

154 3004 182 3066 si
202 3003 279 3084 quid
293 3021 388 3086 agere
402 2999 552 3082 volueris,
571 3004 696 3064 certum
713 3001 878 3065 hominem
893 3001 933 3064 ad
952 3021 1025 3065 eum
1044 3001 1158 3064 mittas

119 3105 134 3152 c
153 3089 233 3171 face,
256 3109 329 3152 eum
353 3109 416 3171 quo
440 3087 666 3171 colloquatur!
709 3109 765 3154 rex
788 3092 840 3154 tot
862 3088 1031 3154 hominum
1054 3089 1158 3153 salute

153 3181 223 3241 tam
254 3175 317 3240 sibi
353 3176 609 3241 necessariorum
642 3196 760 3262 magno
793 3198 889 3261 opere
924 3176 1054 3263 gavisus
1087 3199 1159 3243 con-

153 3263 265 3330 festim
288 3285 361 3330 cum
384 3265 525 3348 epistula
547 3264 747 3330 Artabazum
770 3264 810 3330 ad
828 3260 1023 3332 Pausaniam
1047 3267 1160 3350 mittit,
1285 3267 1286 3274 ’

154 3353 188 3418 in
211 3373 275 3436 qua
298 3373 371 3418 eum
395 3353 559 3418 collaudat
585 3373 622 3420 ae
648 3354 746 3438 petit,
771 3374 812 3420 ne
840 3354 892 3420 cui
914 3354 961 3418 rei
984 3359 1098 3438 parcat
1120 3355 1160 3418 ad

155 3461 192 3506 ea
215 3438 396 3525 efficienda,
420 3462 501 3524 quae
524 3441 746 3526 polliceretur:
781 3443 810 3506 si
832 3441 1018 3527 perfecerit,
1039 3443 1159 3508 nullius

119 3543 136 3592 s
155 3527 201 3592 rei
220 3549 239 3590 a
258 3549 292 3592 se
311 3529 473 3614 repulsam
491 3530 644 3598 laturum.
679 3530 776 3598 huius
795 3529 974 3598 Pausanias
993 3531 1159 3596 voluntate
1285 3583 1286 3598 ἢ
