2596 3910
466 180 539 236 xiv.
558 179 737 236 narinus.
758 187 799 236 ιο.
820 187 862 236 ιι.
1130 181 1173 246 55

165 331 200 393 et
223 328 338 392 absens
362 325 541 392 amicitiam
565 347 638 391 cum
661 324 727 390 Dat
714 330 800 390 tame
823 325 911 411 facit,
938 326 1024 411 regis
1047 326 1175 426 provin·

94 475 98 483 .
166 417 232 481 cias
255 419 364 502 uexat,
392 418 462 479 cast
448 415 527 479 tella
549 418 727 500 expugnat,
755 435 890 500 magnas
918 414 1055 498 praedas
1079 413 1174 498 capit,

115 525 117 528 ·
166 525 303 588 quarum
334 505 409 588 part
410 503 456 567 im
489 501 556 568 suis
588 465 755 587 dispertit,
786 506 861 588 part
862 502 908 566 im
940 502 981 567 cd
1012 500 1079 566 Dat
1065 505 1176 566 tamen

165 592 226 656 mit
212 592 283 676 ιιιι,
310 592 382 676 pari
410 591 506 655 modo
534 590 702 675 complura
725 593 795 654 cast
781 591 910 655 tella
883 612 912 654 er
940 589 1049 654 tradit.
1027 589 1210 666 thaec3

165 681 220 745 diu
251 679 399 744 faciendo
431 679 577 764 peruasit
608 679 735 744 homini
762 701 796 744 se
828 679 937 743 infinit
922 682 994 743 tum
1022 677 1175 742 adversus

164 789 275 854 regern
298 767 479 852 suscepisse
502 767 634 852 bellum,
658 789 732 832 cum
754 767 993 854 nihilomagis,
1016 787 1176 850 nequam

165 856 383 958 suspicionem
414 855 465 919 illi
495 855 667 940 praeberet
698 855 906 940 insidiarum,
942 875 1046 938 nequo
1079 853 1176 918 collo-

165 945 279 1045 quium
298 943 367 1008 eius
386 943 504 1096 petivit
517 964 621 1027 neque
640 943 675 1008 in
690 947 899 1028 conspectum
913 943 1022 1008 venire
1041 945 1073 1006 st
1058 941 1175 1006 tuduit

165 1033 213 1096 sic
232 1033 348 1096 absens
368 1031 547 1096 amicitiam
565 1032 749 1117 gerebatu
700 1082 709 1116 ,
750 1035 845 1096 ιιιοιι
858 1031 1024 1107 beneficiis
1044 1053 1099 1096 mu
1100 1030 1210 1113 tuis,

165 1118 223 1184 sed
246 1120 409 1184 communi
428 1119 512 1204 odio,
534 1119 621 1202 quod
639 1139 718 1204 erga
736 1141 846 1205 regem
865 1123 1083 1204 susceperant,
1104 1141 1176 1184 con·

166 1208 265 1272 tineri
287 1207 482 1272 viderentur.

255 1294 293 1360 Id
316 1317 390 1360 cum
413 1317 450 1360 sa
451 1295 495 1359 tis
514 1316 548 1360 se
568 1295 775 1360 confirmasse
795 1296 882 1360 arbit
867 1299 974 1360 tratus
994 1299 1089 1378 esset,
1113 1315 1177 1359 cer·
1188 1305 1223 1370 11

165 1385 284 1449 tiorem
307 1383 388 1448 facit
405 1381 472 1447 Dat
458 1387 577 1468 tamen,
600 1387 730 1467 tempus
750 1404 820 1448 esse
839 1384 978 1449 maiores
1001 1403 1049 1448 res
1067 1381 1176 1466 parari

165 1472 345 1537 etbellum
368 1472 536 1556 cumipse
560 1492 637 1557 rege
666 1472 801 1556 suscipi,
829 1472 930 1556 deque
954 1493 992 1536 ea
1020 1492 1067 1555 re,
1096 1471 1124 1535 si
1147 1470 1177 1534 ei

165 1561 288 1625 videret
274 1565 337 1644 tur,
357 1581 420 1644 quo
440 1559 513 1624 loco
532 1559 667 1644 vellet,
658 1581 693 1626 ιιι
712 1560 911 1644 colloquium
934 1559 1068 1626 ιιιιιιιι.
1104 1580 1176 1642 pro-

165 1649 244 1712 bata
273 1670 307 1712 re
338 1649 543 1732 colloquendi
576 1652 705 1732 tempus
738 1650 878 1714 sumitur
909 1649 1079 1733 locusque,
1112 1668 1175 1731 quo

166 1736 400 1801 conveniretur.
444 1737 508 1800 huc
531 1736 740 1801 Mithridates
764 1758 838 1802 cum
859 1759 939 1822 uno,
962 1738 1014 1802 cui
1037 1735 1177 1801 maxime
1196 1761 1212 1808 ι

165 1823 309 1888 habebat
331 1823 437 1907 fidem,
460 1827 535 1888 ante
555 1825 682 1908 aliquot
699 1824 767 1888 dies
786 1825 875 1890 ιιιιιι
891 1825 1177 1910 compluribusque
1258 1877 1260 1882 .

166 1911 247 1976 locis
275 1911 452 1994 separatim
480 1911 606 1996 gladios
634 1912 744 1976 obruit
771 1933 872 1995 eaque
901 1913 974 1978 loca
1003 1913 1178 1997 diligenter

166 2003 270 2064 notat.
315 1999 387 2082 ipso
416 2002 525 2063 autem
553 1998 707 2082 colloquii
735 1999 785 2063 die
813 2000 956 2084 utrique,
985 1999 1094 2064 locum
1122 1999 1178 2082 qui

167 2087 375 2172 explorarent
397 2091 495 2170 atque
518 2087 607 2172 ipsos
631 2089 867 2170 scrutarentur,
890 2087 1041 2172 mittunt,
1063 2087 1177 2150 deinde

166 2176 230 2260 ipsi
254 2179 330 2240 sunt
353 2175 527 2260 congressi.
564 2175 618 2239 hic
637 2195 711 2239 cum
734 2175 934 2259 aliquamdiu
956 2175 992 2240 in
1015 2175 1177 2258 colloquio
1197 2201 1212 2249 3

166 2265 306 2330 fuissent
333 2267 368 2328 ιι
395 2263 514 2328 diversi
542 2263 768 2328 discessissent
789 2264 919 2348 iamque
941 2264 1055 2350 procul
1078 2262 1177 2328 Data·

166 2374 235 2418 mes
263 2352 408 2436 abesset,
435 2351 499 2416 Μιι
485 2351 658 2454 ιιιιιιιιιιι,
687 2351 878 2438 priusquam
901 2353 941 2418 ad
965 2375 1041 2418 suos
1068 2374 1177 2437 perve-

165 2442 260 2525 niret,
282 2462 323 2505 nc
343 2463 440 2524 quam
464 2441 682 2526 suspicionem
699 2442 870 2525 parerets
860 2464 896 2506 m
914 2443 1051 2508 eundem
1069 2442 1178 2507 locum

165 2529 341 2594 revertitur
364 2532 462 2612 atque
485 2529 541 2612 ibi,
563 2529 621 2594 ubi
644 2529 746 2593 telum
765 2534 835 2594 erat
857 2530 1026 2616 infossum,
1049 2533 1178 2617 resedit,

166 2621 205 2680 ut
228 2617 256 2679 si
278 2616 373 2680 lassit
359 2617 471 2680 tudine
494 2621 627 2700 cuperet
650 2617 862 2701 acquiescere,
884 2617 1111 2704 Datamenque
1131 2645 1178 2686 re·

166 2703 309 2786 vocavit,
282 2703 494 2767 tsimulans
523 2725 556 2767 se
584 2704 769 2786 quiddam
760 2727 795 2767 m
818 2705 980 2788 colloquio
1004 2729 1074 2773 esse
1099 2711 1178 2774 obli·

167 2797 246 2856 tum.
292 2753 425 2855 interim
448 2791 558 2875 telum,
583 2791 668 2874 quod
691 2791 824 2875 latebat,
847 2793 986 2945 prqtulit
1008 2796 1109 2860 nudat
1095 2801 1178 2862 tum·
1196 2816 1214 2864 4

167 2902 229 2964 que
253 2880 372 2966 vagina
394 2883 485 2944 veste
508 2879 591 2944 texit
614 2900 652 2944 ιι
674 2877 740 2942 Dat
726 2880 808 2944 tami
830 2881 972 2945 venienti
996 2883 1043 2946 ait
1043 2883 1178 2970 ,digre-

166 2969 309 3032 dientem
338 2990 372 3033 sc
396 2967 608 3033 animadvert
583 2971 664 3033 t1sse
687 2968 796 3033 locum
820 2969 993 3054 quendam,
1023 2972 1079 3056 qui
1107 2978 1178 3038 eret

167 3056 202 3119 in
225 3061 409 3142 conspectu,
433 3057 473 3122 ad
497 3061 567 3122 cast
568 3078 605 3121 ιι
627 3057 776 3141 ponenda
794 3077 865 3121 esse
883 3057 1043 3124 idoneum.
1081 3081 1212 3146 querno

168 3164 242 3206 cum
269 3145 373 3229 digito
401 3146 640 3210 demonstraret
663 3149 698 3209 ct
725 3145 780 3208 ille
808 3147 997 3246 respiceret,
1028 3171 1177 3216 aversum

168 3230 292 3295 ferrot
278 3233 442 3298 transfixit
464 3234 633 3334 priusque,
656 3254 755 3334 quam
778 3234 950 3318 quisquam
973 3243 1085 3320 posset
1108 3261 1177 3304 suc-

167 3339 309 3404 currere,
336 3321 385 3384 int
371 3321 508 3387 terfecit.
554 3321 680 3386 itaille
704 3323 766 3404 vir,
797 3323 853 3405 qui
881 3324 964 3388 mult
950 3328 1002 3390 tos
1031 3327 1177 3409 consilio,

167 3407 330 3472 neminem
348 3410 484 3493 perfidia
502 3414 641 3494 ceperat,
618 3372 792 3474 tsimulfit
778 3413 813 3474 ta
829 3415 943 3496 captus
958 3417 1008 3477 est
1023 3413 1176 3476 amicitia.
