2596 3910
473 200 557 256 XXV.
577 200 741 256 sumens.
770 206 820 254 ι·-
824 207 849 254 7.
1098 200 1162 264 103

155 346 397 430 difficillimum,
424 344 652 411 efficiebatt
614 348 665 429 ut,
692 345 778 410 inter
808 365 889 428 quos
919 348 1029 418 tantae
1056 345 1161 410 laudis

155 440 243 502 essct
270 434 459 517 aemulatio,
488 433 820 500 nulla'mtercederet
843 432 1040 498 obtrectatio
1064 436 1162 496 esset

155 545 218 608 que
240 524 356 589 talium
379 521 529 674 ιιὶοιιιιι
546 521 671 606 copula

211 611 281 678 In
304 632 360 678 re
356 632 411 694 pu
434 609 498 675 lica
520 610 569 680 ita
592 613 643 674 est
669 613 882 693 versatus,u
859 613 897 674 ιιι
925 630 1052 692 semper
1080 608 1161 693 opti·
1181 609 1206 674 ιι

19 739 22 746 -
155 722 281 765 marum
299 698 443 783 partium
462 701 495 762 et
514 702 600 764 esset
613 701 647 763 et
661 697 911 782 existimaretur,
929 719 1033 780 neque
1051 699 1163 762 tamen

155 809 189 854 se
218 787 368 854 civilibus
399 785 479 852 fluct
480 786 554 852 ibus
582 786 817 869 committeret,
850 785 936 869 quod
963 806 1028 850 non
1056 784 1161 868 magis

155 896 270 942 eoam
234 876 270 940 in
292 895 351 940 sua
373 878 538 976 potestate
561 874 771 940 existimabat
794 894 874 958 esse,
897 873 954 958 qni
977 894 1012 940 se
1034 871 1086 938 his
1111 872 1161 938 de·

155 965 289 1046 dissent,
313 983 408 1046 quam
429 963 485 1046 qui
503 962 677 1028 maritimis
695 963 903 1036 iactarentur.
937 961 1078 1028 honores
1096 981 1162 1028 non
1181 976 1198 1026 a

155 1051 262 1135 petiit,
285 1071 358 1116 oum
382 1051 411 1116 oi
433 1055 584 1136 paterent
600 1054 741 1202 propter
760 1051 810 1114 vel
828 1054 904 1150 grat
905 1050 971 1114 iam
989 1050 1041 1115 ιιι
1060 1049 1162 1136 digni·

157 1143 273 1204 tatem:
310 1138 396 1221 quod
422 1160 526 1240 neque
557 1139 627 1223 peti
654 1160 743 1204 more
771 1138 931 1204 maiorum
957 1159 1064 1221 neque
1090 1137 1163 1221 capi

155 1230 290 1311 possent
319 1226 518 1292 conservatis
549 1227 719 1312 legibus'
710 1248 745 1290 ιι
776 1230 845 1290 tam
877 1225 986 1292 effusis
1019 1225 1162 1292 ambitus

156 1315 256 1400 largit
242 1313 386 1380 tionibus
417 1335 522 1398 noque
550 1316 618 1398 peri
645 1336 672 1378 ι
690 1335 725 1380 ιι
757 1314 889 1398 publica
916 1314 985 1380 sine
1017 1312 1161 1397 periculo

15 1455 18 1462 .
148 1402 319 1486 'corruptis
338 1401 482 1468 civitatis
501 1403 656 1468 moribus.
688 1402 872 1470 adhastam
889 1401 1054 1486 publicam
1071 1417 1197 1466 num-a

156 1513 254 1574 quem
281 1490 427 1558 accessit.
471 1490 593 1556 nullius
620 1490 668 1555 rei
694 1511 799 1573 neque
826 1511 920 1574 praes
947 1510 1051 1572 neque
1075 1509 1162 1554 man·
1224 1523 1244 1552 c

144 1601 231 1664 ceps
258 1578 364 1646 factus
393 1582 452 1644 est.
496 1579 659 1645 neminem
686 1600 790 1663 neque
818 1599 877 1644 suo
904 1577 1035 1644 nomine
1057 1598 1161 1660 noque

156 1667 363 1732 subscribens
386 1669 560 1752 accusavit,
581 1669 616 1732 in
638 1668 689 1732 ius
713 1667 751 1732 de
776 1688 834 1732 sua
856 1689 891 1732 re
913 1687 1091 1750 numquam
1114 1664 1162 1749 iit,
1248 1725 1250 1729 .

155 1753 311 1818 indicium
337 1755 464 1818 nullum
494 1755 619 1818 habuit.
665 1756 844 1820 multorum
871 1755 1040 1821 consulum
1072 1769 1199 1839 prae-4

20 1875 27 1886 ·
156 1847 329 1924 torumque
347 1839 567 1924 praefecturas
586 1843 710 1906 delatas
730 1843 777 1906 sic
791 1845 925 1927 accepit,
943 1847 981 1908 ut
999 1842 1162 1908 neminem
1288 1929 1289 1934 ἵ

156 1930 191 1994 in
217 1928 419 2014 provinciam
446 1928 491 1992 sit
520 1933 663 2013 secutus,
694 1929 817 1994 honore
849 1928 949 1994 fuerit
981 1933 1163 2012 contentus,
1287 1967 1289 1978 ‹

156 2018 203 2082 rei
226 2015 397 2081 familiaris
421 2015 602 2100 despexerit
624 2015 781 2080 fructum:
806 2016 861 2099 qui
882 2037 923 2080 ne
947 2037 1021 2082 oum
1040 2015 1162 2090 Quinto

157 2105 287 2190 quidem
315 2102 469 2170 Cicerone
497 2103 637 2169 voluerit
622 2103 715 2168 tire
747 2103 782 2168 in
808 2101 940 2188 Asiam,
972 2125 1045 2168 cum
1078 2103 1163 2186 apud

40 2257 47 2268 ,
157 2193 355 2280 eumlegati
378 2193 486 2258 locum
510 2192 657 2258 obtinere
686 2195 806 2276 posset
852 2191 1027 2258 nonenim
1051 2191 1162 2256 decere
1280 2194 1283 2198 '

157 2303 191 2347 se
210 2282 392 2348 arbitrabat
377 2285 440 2366 t,nr
463 2302 537 2362 cum
555 2285 742 2365 praeturam
760 2300 872 2366 gerere
889 2279 1058 2364 noluisset,
1079 2301 1163 2344 asse

156 2371 241 2437 clam
268 2391 338 2436 esse
366 2331 536 2454 praetoris.
582 2391 646 2454 qua
673 2369 707 2436 in
734 2391 768 2434 re
790 2391 857 2436 non
880 2368 986 2436 solum
1009 2367 1114 2470 dignit
1115 2367 1198 2433 atio

157 2459 331 2543 seruabat,
364 2459 420 2524 sed
450 2458 550 2524 etiam
579 2457 826 2543 tranquillitati,
857 2479 931 2524 cum
963 2456 1162 2541 suspiciones

157 2567 285 2629 quoque
312 2546 432 2610 vitaret
459 2547 639 2611 criminum.
685 2567 749 2630 quo
777 2547 877 2612 fiebat
903 2549 941 2610 ut
963 2545 1032 2610 eius
1056 2545 1163 2610 obser-

157 2633 269 2698 vantia
296 2633 445 2697 omnibus
473 2638 560 2698 esset
587 2634 706 2717 carior,
738 2654 811 2700 cum
843 2655 914 2696 sam
945 2631 1066 2716 officio,
1097 2654 1163 2697 non

158 2720 270 2786 timori
292 2741 396 2804 neque
421 2720 490 2803 spei
513 2721 615 2785 tribui
637 2721 791 2784 viderent.

245 2806 366 2909 Incidit
388 2805 618 2872 Caesarianum
642 2807 734 2872 civile
759 2807 889 2872 bellum.
931 2828 1004 2872 cum
1026 2806 1205 2872 haberat?

158 2917 259 2962 annos
287 2895 381 2962 circit
382 2917 417 2960 ιι
445 2895 627 2996 sexaginta,
658 2916 736 2960 usus
766 2899 817 2960 est
849 2895 966 2960 aetatis
994 2893 1162 2960 vacatione

157 3005 261 3068 neque
285 3005 319 3050 sa
343 3005 506 3068 quoquam
528 2983 632 3048 movit
654 3005 693 3048 ex
715 2983 804 3048 urbe.
850 3004 931 3066 quae
959 2981 1072 3048 amicis
1095 2981 1162 3048 auis

158 3094 239 3157 opus
262 3071 392 3138 fuerant
414 3072 455 3136 ad
472 3071 668 3156 Pompeium
682 3071 972 3155 proficiscentibus,
996 3069 1105 3136 omnia
1124 3092 1163 3135 ex

157 3181 217 3224 sua
239 3182 273 3225 re
295 3160 451 3225 familiari
474 3159 577 3244 dedit,
608 3161 717 3244 ipsum
739 3158 931 3243 Pompeium
955 3158 1163 3226 coniunctum

157 3269 223 3312 non
247 3247 388 3314 offendit.
424 3249 549 3314 nullum
572 3249 614 3312 ab
637 3269 675 3312 eo
698 3247 841 3312 habebat
864 3251 1103 3329 ornamentum,
1126 3250 1199 3312 uta

152 3336 266 3420 ceteri,
290 3336 345 3420 qui
368 3357 426 3419 per
444 3359 518 3402 eum
536 3339 593 3402 aut
610 3336 750 3402 honores
770 3339 827 3400 aut
845 3335 976 3402 divitias
995 3339 1163 3418 ceperant:
1183 3359 1189 3364 ⁷

157 3444 296 3506 quorum
318 3423 440 3506 partim
461 3424 650 3489 invitissimi
673 3427 781 3488 eastra
804 3427 880 3488 sunt
903 3423 1019 3505 secuti,
1041 3422 1163 3504 partim

157 3531 285 3576 summa
299 3532 373 3576 cum
387 3511 455 3576 eius
470 3510 646 3576 offensione
665 3511 753 3577 domi
771 3515 1003 3576 remanserunt.
1032 3507 1163 3574 Caesari
1180 3525 1200 3574 a
1288 3583 1289 3594 ,
