2598 3906
530 219 563 274 X.
583 218 680 276 DION.
709 226 733 275 8.
754 225 770 274 9
1116 221 1158 284 41

239 361 329 428 Haec
356 363 412 430 ille
442 363 572 429 intuens
596 385 670 429 cum
694 384 790 447 quem
814 363 854 428 ad
877 363 1009 429 modum
1032 365 1161 432 sedaret
1180 367 1200 433 8

149 451 291 517 nesciret
322 456 357 517 et
388 473 545 535 quorsum
577 451 751 516 evaderent
786 452 931 536 timeret,
968 450 1160 519 Callicrates

151 539 292 625 quidam,
315 540 395 605 civis
414 539 635 624 Atheniensis,
658 540 714 624 qui
738 540 835 604 simul
858 561 932 604 cum
955 561 993 605 eo
1013 561 1052 605 cx
1070 539 1162 607 Pelo·

150 649 294 711 ponneso
318 629 354 692 in
378 626 524 693 Siciliam
546 632 693 712 venerat,
720 627 819 692 homo
848 630 882 692 et
905 627 1040 693 callidus
1064 629 1162 694 etad

150 715 296 781 fraudem
325 721 454 801 acutus,
482 716 551 782 sine
578 716 646 780 ulla
668 715 826 801 religione
849 737 887 782 ac
910 715 988 800 fide,
1016 716 1098 782 adiit
1121 717 1162 781 ad

150 803 291 869 Dionem
319 809 353 870 et
380 804 441 870 ait:
469 825 543 870 eum
565 824 685 890 magno
708 803 743 868 in
765 803 910 888 periculo
934 767 1004 869 esde
1026 809 1197 890 proptera

143 892 363 958 offensionem
380 892 494 978 populi
508 896 542 957 et
556 893 667 957 odium
685 891 774 956 milit
759 895 839 976 tum,
858 891 945 976 quod
958 892 1049 958 nullo
1063 893 1160 958 modo

151 981 274 1047 evitare
296 985 418 1066 posset,
439 981 504 1046 nisi
523 980 621 1046 alicui
640 1001 773 1046 suorum
785 981 961 1082 negotium
980 976 1081 1066 daret,
1105 981 1161 1065 qui

151 1091 186 1133 se
202 1069 371 1134 simularet
384 1069 457 1133 illi
448 1069 624 1135 mimicum.
655 1090 752 1154 quem
766 1069 794 1133 si
808 1069 987 1134 invenisset
999 1069 1161 1153 idoneum,

151 1155 247 1221 facile
266 1157 412 1222 omnium
430 1158 556 1222 animos
575 1156 784 1242 cogniturum
802 1156 1068 1240 adversariosque
1088 1158 1161 1223 sub·

151 1245 305 1328 laturum,
324 1244 410 1328 quod
427 1244 552 1309 inimici
571 1244 640 1308 eius
659 1243 829 1308 dissidenti
848 1265 924 1309 suos
943 1265 1057 1310 sensus
1072 1266 1162 1328 aper·

151 1332 219 1397 turi
250 1332 366 1398 forent.
412 1332 472 1397 tali
496 1331 633 1397 consilio
655 1331 796 1415 probato
820 1332 947 1414 excepit
968 1332 1028 1396 has
1051 1335 1162 1416 partes
1181 1349 1196 1398 e

151 1421 221 1504 ipse
245 1418 437 1486 Callicrates
461 1425 495 1485 et
518 1441 553 1485 se
576 1423 683 1484 armat
709 1419 929 1503 imprudentia
951 1417 1076 1484 Dionis.
1122 1419 1163 1485 ad

151 1531 226 1574 eum
248 1508 511 1575 interficiundum
534 1508 640 1574 socios
665 1507 844 1592 conquirit,
867 1507 1069 1573 adversarios
1093 1508 1162 1573 eius

152 1598 312 1681 convenit,
335 1597 558 1663 coniuratione
582 1596 763 1661 confirmat.
797 1616 863 1680 res,
886 1596 999 1660 multis
1023 1595 1161 1662 consciis
1180 1613 1198 1662 ι

152 1707 234 1769 quae
248 1690 409 1771 ageretur,
427 1686 514 1750 elata
528 1685 672 1750 defertur
686 1684 727 1749 ad
740 1682 1002 1770 Aristomachen,
1016 1705 1162 1751 sororem

150 1772 282 1857 Dionis,
309 1795 506 1874 uxoremque
534 1773 666 1838 Areten
711 1772 787 1836 illae
817 1773 935 1838 timore
968 1774 1162 1857 perterritae

152 1861 357 1943 conveniunt,
381 1861 471 1925 cuius
494 1861 533 1926 de
556 1861 700 1944 periculo
724 1859 894 1924 timebant.
931 1866 966 1925 at
988 1861 1044 1926 ille
1062 1865 1163 1947 negat

151 1971 172 2014 a
195 1911 369 2015 Callicrate
392 1948 463 2012 fieri
487 1947 551 2012 sibi
573 1948 722 2029 insidias,
750 1949 806 2012 sed
828 1948 902 2031 illa,
925 1970 1008 2030 quae
1032 1969 1163 2034 ageren-

151 2042 215 2120 tur,
238 2036 309 2102 fieri
331 2039 505 2120 praecepto
529 2057 597 2099 suo.
638 1997 790 2098 mulieres
813 2034 916 2098 nihilo
941 2035 1042 2098 setius
1066 2033 1162 2100 Galli·
1181 2053 1197 2102 o

152 2128 276 2190 cratem
290 2125 325 2189 in
339 2123 451 2189 aedem
460 2121 675 2208 Proserpinae
689 2121 852 2186 deducunt
861 2143 899 2186 ac
912 2122 1019 2186 iurare
1032 2127 1163 2208 cogunt,

150 2213 234 2279 nihil
263 2213 304 2278 ab
332 2212 390 2277 illo
417 2211 554 2296 periculi
581 2209 651 2275 fore
677 2208 786 2274 Dioni.
832 2210 888 2274 ille
915 2210 977 2274 hac
1005 2210 1162 2295 religione

150 2323 217 2367 non
235 2301 331 2367 modo
350 2322 416 2366 non
435 2304 487 2364 est
504 2299 689 2383 deterritus,
712 2297 768 2362 sed
787 2298 827 2362 ad
841 2298 1071 2364 maturandum
1090 2319 1162 2364 con-

152 2390 273 2454 citatus
292 2393 352 2474 est,
370 2409 484 2454 verens
502 2409 543 2454 ne
561 2388 652 2473 prius
671 2386 843 2452 consilium
862 2388 1044 2472 aperiretur
1058 2408 1162 2472 suum,

153 2499 250 2562 quarn
274 2441 420 2563 cogitata
442 2476 641 2561 perfecisset

240 2564 312 2631 Hac
339 2569 447 2630 mente
475 2565 624 2648 proximo
653 2564 704 2629 die
731 2563 831 2648 festo,
861 2585 935 2628 cum
958 2587 977 2628 a
1001 2565 1200 2630 conventu9

153 2675 188 2717 se
207 2657 369 2718 remotum
382 2638 470 2717 Dion
488 2653 575 2717 domi
594 2656 721 2718 teneret
739 2651 891 2734 atquem
910 2652 1055 2717 conclaui
1074 2653 1161 2717 edito

152 2741 368 2824 recubuisset,
402 2741 540 2805 consciis
563 2739 717 2804 facinoris
744 2740 816 2803 loca
844 2739 1022 2803 munitiora
1050 2740 1161 2824 oppidi

153 2828 273 2913 tradit,
305 2791 437 2894 dorhum
470 2828 626 2893 custodiis
659 2827 781 2910 saepit,
813 2849 833 2890 a
859 2825 985 2890 foribus
1014 2827 1069 2909 qui
1096 2847 1162 2891 non

153 2917 333 3001 discedant,
305 2921 469 2982 tcertos
497 2915 659 3000 praeficit,
687 2937 803 2979 navem
831 2914 998 2979 triremem
1026 2915 1198 2980 armatise

153 3011 249 3071 ornat
280 2968 410 3070 Ph’ilost
395 3009 563 3088 tratoque,
594 3003 690 3068 fratri
721 3025 796 3086 suo,
828 3002 929 3067 tradit
961 3023 1096 3086 eamque
1127 3002 1163 3068 in

152 3099 251 3177 portu
274 3095 400 3180 agitare
423 3094 526 3177 iubet,
548 3096 586 3158 ut
609 3092 637 3156 si
661 3053 807 3155 exerceris
827 3090 967 3175 remiges
985 3090 1093 3175 vellet,
1112 3113 1162 3156 co-

153 3182 272 3268 gitans,
291 3182 318 3245 si
337 3181 423 3246 forte
438 3143 583 3245 consiliis
598 3178 784 3243 obstitisset
770 3177 944 3261 tfortuna,
962 3182 1000 3243 ut
985 3141 1162 3264 thabhret,

154 3291 219 3353 qua
242 3268 412 3354 aufugeret
434 3268 475 3332 ad
503 3267 651 3332 salutem
697 3285 830 3330 suorum
854 3229 963 3331 autein
986 3289 1003 3331 e
1026 3282 1197 3332 numeror

154 3356 350 3442 Zacynthios
374 3356 595 3422 adulescentes
620 3353 776 3455 quosdam
799 3355 893 3440 eligit
917 3376 990 3420 cum
1020 3355 1162 3420 audacis-

154 3447 255 3512 simos
279 3449 350 3508 tum
373 3444 495 3508 viribus
519 3443 684 3526 maximis,
707 3442 812 3524 iisque
836 3443 892 3506 dat
914 3441 1099 3540 negotium,
1122 3448 1162 3500 ad

152 3535 293 3600 Dionem
317 3533 394 3596 eant
417 3529 570 3610 inermes,
600 3531 647 3594 sic
669 3534 707 3594 ut
730 3529 939 3594 conveniendi
963 3529 1031 3591 eius
1055 3523 1163 3608 gratia
