2596 3910
430 213 696 270 xxv.ATT10US.
725 221 766 270 11.
788 223 827 270 12.
1074 217 1137 281 107

131 357 317 443 Serviliam,
348 357 444 422 Bruti
476 361 628 444 matrem,
659 380 726 426 non
757 361 865 426 minus
896 365 974 444 post
1001 366 1140 427 mortam

131 447 202 512 eius
231 468 327 530 quam
354 446 525 512 florentem
553 446 700 512 coluerit.
745 448 792 514 sic
819 448 964 514 liberalit
949 453 1017 514 tate
1044 471 1067 514 ιι
1067 453 1174 516 tensa

131 534 236 600 nullas
259 534 448 600 inimicitias
472 535 589 620 gessit,
620 535 706 618 quod
732 557 837 620 neque
859 537 1009 604 laedebat
1032 558 1140 621 quem-

130 622 1141 794 {33331333331332333033333333333333313303333
1246 685 1250 690 ·

65 851 67 856 .
130 803 285 884 percepta
307 798 471 865 retinebat
493 799 663 885 beneficia;
690 821 773 884 quae
796 805 853 866 aut
854 822 906 867 em
929 802 1036 886 ipset
1021 801 1141 866 tribue·

130 891 197 971 rat,
220 891 290 952 tam
314 886 369 953 diu
391 886 598 972 meminerat,
627 888 733 972 quoad
755 887 811 954 ille
834 893 949 975 gratus
973 894 1057 975 erat,
1084 891 1141 974 qui

130 979 309 1060 acceperat
349 975 461 1060 itaqua
483 975 537 1040 hic
567 938 647 1041 fe'eir
675 981 713 1042 ut
734 999 809 1042 vere
832 977 955 1044 dictum
977 978 1140 1044 videatur:
1159 996 1174 1042 s

195 1095 253 1164 Sui
275 1096 390 1183 cuique
413 1121 520 1166 mores
542 1096 675 1184 fingunt
697 1099 863 1166 fortunam
885 1103 1082 1168 hominibus.

129 1260 235 1342 neque
258 1243 368 1306 tamen
390 1240 446 1304 ille
468 1241 559 1342 prius
582 1239 649 1304 fort
635 1243 748 1305 tunam
772 1263 870 1325 quem
893 1263 928 1306 se
948 1243 1018 1326 ipse
1036 1243 1140 1326 finxit,

130 1327 188 1412 qai
211 1328 299 1394 cavit
320 1350 361 1394 ne
384 1350 448 1412 qua
469 1329 562 1395 inre
585 1328 653 1393 iure
676 1329 883 1412 plecteretur.

219 1414 281 1482 His
304 1416 408 1504 igitur
430 1417 527 1482 rebus
551 1415 657 1482 effecit
675 1421 714 1481 ut
731 1415 775 1482 Μ.
789 1417 967 1502 Vipsanius
982 1417 1140 1504 Agrippa,
1153 1419 1192 1483 12

22 1541 26 1551 ·
130 1505 248 1572 intima
279 1504 486 1571 familiarite
436 1509 505 1570 tate
540 1505 730 1571 coniunctus
768 1505 967 1572 adulescenti
999 1503 1141 1590 Caesari,

129 1617 204 1660 cum
239 1599 374 1680 propter
406 1617 499 1660 suam
528 1597 604 1681 grat
605 1595 670 1658 iam
707 1598 741 1660 et
773 1593 921 1661 Caesaris
957 1595 1140 1680 potentiam

129 1682 252 1748 nullius
281 1683 479 1748 condicionis
509 1704 575 1748 non
601 1683 737 1748 haberet
763 1687 976 1768 potestatem,
1010 1683 1140 1768 potissi·

130 1791 221 1834 mum
240 1768 309 1834 eiua
328 1770 485 1856 deligeret
507 1770 701 1835 affinitatem
723 1776 996 1856 praeoptaretque
1019 1771 1139 1856 equitis

130 1856 272 1923 Romani
303 1855 406 1921 filiam
438 1876 668 1940 generosarum
703 1860 836 1941 nuptiis.
891 1864 988 1943 atque
1023 1860 1174 1924 baruma

114 1944 320 2028 'nuptiarum
348 1943 540 2009 conciliator
566 1943 630 2008 fuit
658 1941 737 2027 (non
764 1950 814 2010 ιιι
842 1947 928 2010 enim
957 1945 1181 2031 celandum)

131 2032 175 2098 M.
198 2031 377 2116 Antonius,
408 2030 616 2096 triumvirum
648 2030 696 2094 rei
727 2031 876 2116 publicae
908 2038 1003 2098 consta
998 2035 1139 2102 tanda.

132 2121 223 2186 cuius
242 2120 351 2206 gratia
370 2140 443 2186 cum
462 2139 581 2205 augere
599 2117 821 2204 possessiones
839 2124 952 2204 posset
968 2141 1052 2206 suas,
1071 2125 1140 2185 tan-

131 2214 203 2275 tum
227 2207 311 2273 afuit
334 2229 353 2272 a
376 2207 554 2292 cupiditate
576 2207 746 2292 pecuniae,
774 2212 813 2273 ut
834 2207 926 2273 nulla
947 2208 982 2273 in
1004 2230 1039 2274 ιι
1061 2229 1139 2274 usus

132 2298 177 2362 sit
200 2319 238 2362 ea
260 2296 325 2362 nisi
347 2295 385 2361 in
405 2295 614 2381 deprecandis
638 2295 817 2361 amicorum
835 2299 893 2361 aut
910 2296 1064 2380 periculis
1082 2300 1140 2362 aut

1 2410 2 2418 ¹
130 2385 353 2452 incommodis.
389 2385 475 2469 quod
494 2384 624 2469 quidem
643 2384 704 2450 sub
722 2385 794 2469 ipsa
815 2385 1055 2486 proscriptione
1069 2405 1139 2470 per·
1158 2401 1174 2447 3

129 2475 257 2539 illustre
293 2473 366 2538 luit
420 2495 497 2540 nam
527 2495 600 2539 cum
628 2471 664 2538 L
693 2471 803 2540 Saufei
835 2473 926 2558 equit
927 2473 955 2539 is
912 2472 1139 2558 tRomani,

130 2561 276 2644 aequalis
296 2561 355 2642 sui,
378 2561 434 2643 qui
453 2562 634 2645 complures
653 2583 754 2626 annos
774 2566 805 2626 st
791 2561 882 2626 tudio
901 2563 1017 2626 ductus
1035 2561 1138 2647 philo-

17 2694 23 2704 .
131 2647 265 2748 sophiae
292 2645 466 2710 habitabat
488 2646 627 2712 Athenis
654 2647 896 2730 habebatque
887 2670 922 2712 m
944 2585 1056 2713 Italiap
1069 2670 1139 2733 pre-

130 2736 234 2800 tiosas
257 2733 488 2819 possessiones,
510 2733 640 2798 ιιιιιιιι
662 2732 749 2813 bona
770 2734 991 2799 vendidissent
1008 2757 1139 2800 consue·

129 2823 243 2888 tudine
257 2843 304 2906 aa,
323 2842 388 2905 qua
405 2824 477 2886 tum
495 2841 546 2885 res
567 2807 773 2906 gerebantur,
791 2820 862 2886 Αιι
838 2825 895 2887 troi
886 2821 1075 2887 laboret
1039 2845 1060 2887 a
1060 2826 1138 2906 tque

129 2909 292 2978 industria
313 2909 438 2974 factum
462 2912 513 2974 ιιι
534 2911 573 2972 ιι
595 2908 707 2973 codem
729 2909 844 2974 nuntio
873 2907 1022 2974 Saufeius
1045 2909 1139 2975 fieret

128 3001 249 3066 certior
272 3020 307 3065 ιι
329 2997 564 3083 patrimonium
583 2996 731 3062 amisisse
749 3001 783 3062 et
801 3018 1016 3080 recuperasse
1052 2997 1138 3064 idem
1157 3019 1171 3062 ι

129 3087 166 3152 L
192 3086 313 3154 Iulium
341 3085 503 3170 Calidum,
539 3107 636 3186 quem
672 3088 748 3168 post
780 3082 924 3150 Lucretii
952 3083 1137 3172 Catullique

131 3179 270 3240 mortem
284 3175 388 3240 multo
407 3167 547 3262 elegant
538 3173 687 3240 1ssimum
704 3177 837 3257 po'etam
854 3177 931 3239 nost
932 3178 1036 3239 ramt
1021 3174 1136 3241 tulisse

129 3267 273 3329 aetatem
299 3284 374 3328 vere
400 3263 511 3329 videor
538 3283 634 3346 posse
662 3265 739 3326 cont
724 3262 868 3346 t,cndere
896 3284 1000 3347 neque
1028 3264 1136 3329 minus

129 3351 235 3417 virum
256 3351 460 3417 bonumt
403 3354 460 3435 opt
461 3352 599 3435 imisque
622 3350 749 3416 artibus
771 3351 878 3416 erudit
863 3355 943 3435 t,um
965 3355 1043 3435 post
1063 3372 1137 3434 pro·

129 3440 341 3524 scriptionem
368 3439 515 3540 equitum
541 3443 675 3523 propter
704 3459 839 3526 magnas
867 3440 936 3504 eius
963 3437 1135 3503 Africanas

128 3527 351 3612 possessiones
369 3527 405 3592 in
417 3527 674 3611 proscriptorum
687 3549 858 3592 numerum
872 3548 892 3591 a
905 3525 940 3589 P
949 3523 1137 3608 Volumnio,
