2598 3906
138 212 181 276 32
411 207 484 264 VIII.
503 207 775 265 THRASYBULUS.
805 216 830 264 1.
848 216 874 266 2.

139 377 200 438 que
223 355 292 419 iuro
316 375 374 419 ιιιο
397 355 553 419 nonnulla
576 355 616 420 ab
644 354 840 439 imperatore
869 354 976 439 miles,
1002 355 1148 439 plurima

138 465 213 508 vero
247 441 378 507 fortuna
408 441 551 507 vindieat
587 463 685 526 seque
717 442 769 507 his
801 442 875 526 plus
903 443 1042 508 valuisse
1069 466 1147 509 vere

103 535 249 616 apotest
284 530 478 614 praedicere.
527 550 631 595 verum
667 530 749 594 illud
786 530 1147 616 magnificentissimum

137 619 261 684 factum
288 618 456 703 proprium
483 622 533 682 est
555 617 760 701 Thrasybuli
805 640 882 682 nam
905 639 978 684 cum
1008 619 1148 705 triginta

139 707 269 792 tyranni
296 705 474 791 praepositi
497 726 517 769 a
538 704 804 770 Lacedaemoniis
831 707 988 772 servitute
1016 729 1147 792 opi-pres

139 817 191 860 sas
215 798 363 860 tenerent
381 793 538 878 Athenas,
560 793 718 877 plurimus
743 794 838 879 aives,
862 794 1012 877 quibus
1003 816 1038 860 m
1057 795 1146 861 bello

138 886 285 968 parserat
316 881 463 965 fortuna,
498 881 621 964 partim
651 882 760 966 patria
792 883 993 966 expulissent
1022 883 1146 967 partim

137 969 386 1053 interfecissent,
408 969 625 1053 plurimorum
646 971 734 1035 bona
756 970 925 1053 publicata
945 972 1029 1036 inter
1047 993 1081 1037 se
1100 972 1147 1036 di·

137 1058 304 1141 uisissent,
326 1079 393 1122 non
415 1057 521 1122 solum
543 1058 708 1142 princeps,
736 1058 832 1122 sede
833 1058 915 1124 tiam
938 1059 1027 1124 solus
1052 1059 1058 1072 '
1049 1059 1146 1125 mitio

138 1146 304 1210 bellum''
283 1167 323 1210 us
346 1145 472 1210 indixit

104 1234 126 1299 2
226 1233 291 1300 Hic
323 1234 410 1300 enim
447 1256 520 1299 curn
555 1233 683 1319 Phylen
719 1235 937 1322 confugisset,
974 1235 1059 1318 quod
1096 1239 1148 1300 est

140 1327 228 1388 caste
195 1323 346 1388 tellum
336 1345 372 1388 m
398 1321 469 1388 Att
430 1326 512 1388 ttrca
539 1323 808 1408 munitissimum,
837 1346 903 1390 non
929 1323 1003 1406 plus
1031 1323 1148 1388 habuit

140 1433 250 1477 secum
272 1412 390 1498 trigint
391 1435 411 1476 a
375 1412 471 1476 tdc
495 1412 572 1476 suis
605 1412 668 1476 hoo
690 1375 821 1476 initiurh
844 1411 907 1473 fuit
925 1409 1040 1472 salutis
1060 1409 1148 1475 Atti-

103 1515 120 1563 a
140 1521 261 1584 corum,
283 1500 346 1564 hoc
369 1500 469 1564 robur
492 1499 655 1563 libertatis
679 1498 878 1562 clarissimae
902 1495 1053 1560 civitatis.
1094 1519 1149 1564 ne·

140 1609 201 1668 que
229 1608 305 1651 vero
333 1587 387 1651 hio
413 1607 480 1650 non
507 1588 713 1667 contemptus
741 1588 791 1648 est
817 1584 923 1667 primo
952 1605 971 1648 a
997 1587 1147 1668 tyrannis

140 1677 237 1756 atque
265 1674 333 1738 eius
362 1672 512 1737 solitudo.
559 1693 641 1754 quae
665 1671 795 1755 quidem
818 1675 926 1754 reset
955 1671 1048 1754 [illis]
1074 1695 1147 1739 con·

103 1811 105 1816 .
139 1760 359 1825 temnentibus
388 1759 542 1844 perniciei
570 1763 604 1823 et
632 1759 734 1840 [huic]
764 1759 915 1843 despecto
940 1760 1039 1825 saluti
1068 1761 1147 1826 fuit:
1274 1793 1278 1802 ·

140 1849 259 1913 etenim
282 1848 358 1912 illos
377 1867 492 1933 segnes
512 1847 553 1911 ad
570 1848 836 1933 persequendum,
858 1848 919 1913 hoa
939 1852 1048 1914 autem
1068 1854 1147 1914 tem·

104 1954 218 2022 apere
250 1937 290 2002 ad
322 1935 575 2019 comparandum
607 1935 683 2000 dato
715 1935 794 2002 fecit
825 1937 1036 2002 robustiores.
1083 1959 1146 2021 quo

140 2024 581 2196 tttn‘bttttllt
600 2025 799 2178 tttlnffl
812 2025 934 2196 tlt
949 2046 1024 2177 ἓξὲξ
1043 2025 1147 2178 tib}

105 2203 261 2268 adicitur
284 2206 422 2266 matrem
444 2200 551 2264 timidi
574 2200 651 2265 flere
674 2222 740 2265 non
763 2164 874 2266 dolere.
910 2221 1014 2282 neque
1038 2204 1148 2265 tamen

142 2313 202 2375 pro
226 2290 376 2373 opinione
399 2288 595 2372 Thrasybuli
619 2292 733 2352 auctae
756 2292 834 2353 sunt
856 2309 947 2372 opes:
978 2309 1055 2352 nam
1081 2289 1147 2353 iam

144 2380 240 2458 [tum]
269 2377 335 2440 illis
363 2376 566 2460 temporibus
594 2375 712 2440 fortius
740 2376 818 2441 boni
844 2396 904 2459 pro
928 2375 1081 2440 libertate
1103 2377 1148 2441 lo·

106 2481 122 2531 a
142 2467 325 2550 quebantur
344 2485 442 2548 quam
464 2465 663 2566 pugnabant.
699 2463 802 2529 hinc'
793 2486 828 2529 ιιι
846 2462 997 2530 Piraeum
1016 2465 1148 2530 transiit

141 2553 405 2636 Munichiamque
428 2553 576 2617 munivit.
620 2552 705 2617 hanc
731 2553 783 2617 bis
806 2553 937 2636 tyranni
961 2573 1148 2639 oppugnare

142 2645 219 2707 sunt
250 2641 371 2725 adorti,
403 2642 443 2706 ab
476 2662 576 2724 eaque
608 2641 749 2724 turpiter
780 2640 902 2726 repulsi
933 2642 1149 2725 protinnsin

106 2747 123 2796 a
141 2731 256 2795 urbem
271 2729 370 2794 armis
385 2729 688 2814 impedimentisque
705 2730 833 2796 amissis
847 2728 1046 2816 refugerrmt.
1070 2751 1148 2794 usus

143 2823 194 2884 est
215 2818 439 2902 Thrasybulus
466 2839 533 2882 non
559 2818 667 2882 minus
697 2817 845 2902 prudent
836 2840 868 2882 ra
896 2839 993 2900 quam
1020 2817 1087 2881 fort
1073 2817 1148 2880 titu-

143 2907 225 2972 dine.
261 2928 337 2972 nam
356 2907 504 2971 cedentes
523 2905 639 2970 violari
663 2906 767 2970 vetuit
791 2904 890 2990 (cives
915 2905 1001 2968 enim
1024 2903 1148 2970 civibus

142 3017 273 3078 parcere
296 3017 434 3096 aequum
457 2991 633 3078 censebat),
655 3014 758 3076 neque
782 2993 955 3092 quisquam
974 2995 1024 3056 est
1041 2989 1149 3055 vulne·

142 3086 232 3146 ratus
251 3083 315 3146 nisi
335 3083 391 3166 qui
409 3084 498 3166 prior
516 3082 707 3166 impugnare
722 3080 834 3146 voluit.
866 3079 1027 3144 neminem
1045 3078 1144 3144 iacen

142 3174 210 3234 tem
232 3173 322 3234 veste
345 3171 508 3254 spoliavit,
530 3169 636 3235 nilt
602 3169 716 3254 attigit
738 3169 802 3234 nisi
825 3189 923 3251 arma,
946 3188 1085 3251 quorum
1102 3167 1148 3232 in-

107 3258 284 3344 rdigebat,
307 3278 453 3342 quaeque
476 3259 516 3323 ad
539 3259 662 3324 victum
690 3258 906 3342 pertinebant.
951 3256 1147 3322 insecundo

142 3346 266 3431 proelio
290 3347 406 3410 cecidit
429 3346 509 3413 Orit'
486 3351 562 3431 t1as,
586 3347 649 3410 dux
672 3351 901 3430 tyrannorum,
924 3366 997 3410 cum
1021 3345 1149 3452 quidem

144 3435 296 3500 adversus
318 3434 559 3519 Thrasybulum
580 3434 760 3500 fortissime
782 3437 951 3519 pugnaret.

107 3523 129 3588 3
232 3522 304 3588 Hoc
326 3523 451 3588 deiecto
475 3523 653 3588 Pausanias
676 3523 765 3588 yenit
787 3521 910 3588 Atticis
934 3523 1070 3604 auxilio,
1093 3541 1148 3584 rer

599 3844 698 3876 A
