2596 3910
157 252 199 315 11
417 205 419 213 ⁴
472 245 846 301 minoricam.

475 427 552 501 XX.
582 425 839 498 TIMOLEON.

125 575 141 636 1
245 567 416 632 Timoleon
428 564 625 632 Corinthius.
656 563 725 627 sine
739 564 844 634 ¹dubio
867 585 1005 651 magnus
1020 567 1168 633 omnium

157 657 276 722 iudicio
307 655 361 734 hic
389 654 439 718 vir
467 652 603 718 exstitit
647 673 787 735 namque
819 651 895 718 huic
927 653 984 718 uni
1016 655 1167 740 contigit,

158 746 244 830 quod
261 743 370 808 nescio
390 764 432 806 an
448 741 540 824 nulli,
557 743 595 805 ut
613 743 647 802 ct
664 740 815 823 patriam,
833 740 869 803 in
887 761 952 824 qua
970 746 1042 806 erat
1059 747 1168 828 natus,

117 911 120 916 Ι
159 853 349 917 oppressam
372 853 391 893 a
414 834 552 912 tyranno
571 828 735 913 liberaret,
758 831 793 892 et
811 850 831 892 a
849 825 1074 913 Syracusanis,
1098 833 1168 915 qui·

158 922 219 985 bus
243 919 363 983 auxilio
388 920 459 981 erat
481 916 614 998 missua,
643 916 710 979 iam
736 916 953 982 inveteratam
976 919 1169 984 servitutem

158 1007 333 1091 depelleret
344 1008 521 1087 totamque
541 1002 695 1087 Siciliam,
718 1004 841 1069 multos
856 1026 957 1070 annos
972 1006 1060 1088 11111
1075 1029 1170 1072 vexa

159 1100 229 1160 tam
251 1117 271 1158 a
292 1093 505 1177 barbarisque
529 1113 733 1177 oppressam,
756 1113 815 1158 suo
839 1093 980 1158 adventu
1001 1094 1037 1159 in
1058 1095 1169 1180 111111-
1224 1097 1228 1104 ’

124 1199 141 1244 2
158 1205 238 1247 num
256 1181 453 1256 restitueret.
485 1181 594 1245 sedin
610 1181 662 1244 his
681 1180 778 1245 rebus
797 1202 863 1245 non
877 1181 1018 1266 simplici
1036 1181 1169 1248 fortuna

161 1270 366 1336 conflictatus
390 1273 440 1334 est
470 1273 513 1353 et,
544 1269 577 1332 id
600 1269 686 1352 quod
708 1267 873 1333 difficilius
896 1273 1040 1354 putatur,
1064 1271 1169 1336 multo

162 1359 340 1442 sapientius
368 1358 446 1422 tulit
475 1357 648 1422 secundam
671 1378 769 1440 quam
796 1357 965 1422 adversam
994 1357 1170 1424 fortunam

126 1461 237 1512 anam
265 1469 339 1512 cum
365 1445 468 1509 frater
496 1445 564 1509 eius
591 1431 823 1528 Timophanes,
851 1445 915 1509 dux
941 1468 961 1509 a
988 1443 1170 1511 Corinthiis

161 1535 319 1617 delectus,
349 1533 554 1616 tyrannidem
581 1538 639 1614 111
666 1532 788 1596 milites
816 1534 1054 1598 mercennarios
1078 1556 1187 1602 occu.

161 1625 273 1706 passet
304 1621 532 1703 particepsque
563 1619 656 1703 regni
687 1620 751 1700 ipse
781 1624 894 1702 posset
923 1642 1007 1705 esse,
1039 1626 1170 1687 tantum

162 1709 245 1773 afuit
264 1729 283 1771 a
301 1707 457 1770 societate
476 1705 616 1788 sceleris,
638 1709 676 1770 ut
694 1707 885 1772 antetulerit
900 1709 1019 1774 civium
1037 1732 1170 1776 suorum

161 1796 349 1859 libertatem
375 1792 488 1856 fratris
517 1793 616 1856 saluti
643 1797 677 1856 et
705 1815 818 1878 parere
841 1795 968 1881 legibus
993 1813 1091 1883 quam'
1112 1799 1170 1863 im·

125 1895 276 1968 4111111
303 1881 428 1966 patriae
457 1881 560 1945 satius
588 1881 724 1946 duxerit.
768 1883 830 1948 hac
858 1888 964 1948 mente
991 1907 1050 1969 per
1076 1887 1171 1952 haru-

163 1972 286 2056 spicem
313 1991 580 2053 communemque
608 1969 752 2054 affinem,
782 1971 834 2035 cui
862 1993 954 2036 soror
981 1994 1020 2036 ex
1050 1974 1171 2039 eisdem

38 2083 41 2090 ’
162 2059 353 2143 parentibus
376 2062 455 2123 nata
477 2061 580 2141 nupta
603 2062 687 2142 erat,
713 2058 849 2124 fratrem
876 2063 1052 2143 tyrannum
1074 2062 1171 2127 inter-

162 2147 339 2213 ficiundum
362 2147 496 2212 curavit.
530 2147 600 2229 ipse
617 2167 684 2211 non
703 2147 798 2211 modo
822 2169 936 2213 manus
958 2170 1026 2214 non
1048 2151 1171 2235 attulit,

164 2235 283 2300 sedne
306 2235 451 2318 aspicere
474 2234 605 2317 quidem
631 2234 812 2299 fraternum
839 2236 1030 2322 sanguinem
1057 2238 1171 2303 voluit

162 2345 240 2388 nam
266 2324 343 2387 dum
370 2344 422 2387 res
450 2322 676 2404 conficeretur,
707 2322 820 2404 procul
848 2323 883 2386 in
908 2325 1070 2407 praesidio
1098 2325 1172 2410 fuit,

128 2424 203 2474 one
231 2410 303 2492 quis
332 2410 462 2473 satelles
489 2413 602 2492 posset
630 2430 824 2479 succurrere.
858 2411 931 2482 ,hoc
953 2414 1173 2495 praeclarissi-

164 2518 253 2560 mum
281 2496 349 2560 eius
376 2496 501 2561 factum
527 2518 593 2560 non
619 2496 691 2579 pari
721 2497 817 2562 modo
849 2499 1024 2582 probatum
1052 2505 1102 2566 est
1130 2502 1171 2566 ab

165 2584 328 2649 omnibus:
350 2584 498 2649 nonnulli
521 2583 607 2648 enim
629 2584 752 2650 laesam
775 2586 816 2650 ab
840 2607 878 2652 eo
900 2587 1058 2670 pietatem
1080 2593 1172 2674 puta-

164 2673 245 2736 bant
274 2676 308 2736 et
338 2672 461 2738 invidia
491 2673 621 2737 laudem
652 2673 785 2738 virtutis
820 2675 1022 2740 obterebant.
1068 2682 1173 2742 mater

164 2783 241 2826 vero
268 2764 345 2846 post
372 2761 405 2826 id
432 2760 555 2827 factum
581 2783 685 2846 neque
713 2763 845 2827 domum
873 2763 912 2827 ed
936 2785 970 2828 se
993 2765 1098 2830 filium
1121 2767 1173 2830 ad·

165 2850 257 2915 misit
278 2871 383 2932 neque
404 2850 539 2933 aspexit,
563 2851 642 2932 quin
660 2872 734 2914 eum
751 2851 954 2916 fratricidam
971 2852 1173 2938 impiumque

129 2938 331 3002 edetestans
364 2938 583 3022 compellaret.
634 2938 751 3022 quibus
788 2940 885 3003 rebus
922 2939 977 3004 ille
1010 2940 1088 3006 adeo
1123 2949 1175 3007 est

166 3029 358 3110 commotus,
381 3030 419 3090 ut
440 3047 684 3109 nonnumquam
707 3027 793 3090 vitae
816 3027 915 3092 finem
938 3027 1043 3092 facere
1066 3030 1174 3094 volue-

132 3137 136 3144 ·
165 3113 211 3174 rit
238 3117 336 3196 atque
364 3135 403 3176 ex
430 3113 633 3198 ingratorum
664 3114 833 3179 hominum
863 3120 1039 3199 conspectu
1069 3126 1174 3182 mo'rte

166 3198 328 3263 decedere.

131 3287 151 3351 2
254 3285 391 3351 interim
409 3287 515 3353 Dione
535 3287 704 3372 Syracusis
722 3289 896 3354 interfecto
911 3290 1089 3374 Dionysius
1108 3316 1176 3358 rur-

167 3397 222 3440 sus
247 3372 480 3457 Syracusarum
508 3377 635 3458 potitus
660 3379 719 3440 est.
766 3377 856 3441 euius
880 3378 1056 3442 adversarii
1080 3403 1177 3464 opem

167 3461 378 3529 aOorinthiis
396 3462 562 3545 petierunt
585 3463 770 3548 ducemque,
795 3486 858 3547 quo
881 3465 1024 3529 inbelle
1050 3471 1177 3532 uteren-

167 3557 230 3635 tur,
252 3550 469 3636 postularunt.
505 3550 569 3616 huc
592 3550 762 3616 Timoleon
785 3552 903 3616 missus
927 3551 1109 3618 incredibili
1133 3555 1178 3618 11-

469 3852 564 3882 Α.
