2598 3906
450 225 497 281 lv.
516 225 728 284 PAUSANIAS.
757 231 781 282 t.
1077 227 1118 290 19

111 370 168 434 vit.
205 371 251 434 sie
270 369 447 435 Pausanias
467 391 618 456 magnam
638 371 715 434 belli
739 371 877 456 gloriam
901 371 989 454 turpi
1013 375 1117 436 morte

110 458 293 522 maculavit.
339 459 429 522 ouius
453 458 575 522 mortui
598 479 714 542 corpus
739 479 813 523 cum
836 459 947 523 eodem
970 459 1152 522 nonnullis

110 546 254 610 dicerent
286 545 399 610 inferri
428 549 591 630 oportere,
624 567 687 630 quo
718 546 745 618 ii.
771 547 826 630 qui
855 547 893 610 ad
923 547 1117 630 supplicium

110 638 219 698 essent
242 633 324 719 dati,
351 633 519 717 displicuit
540 633 702 718 pluribus,
725 637 759 698 et
781 634 893 717 procul
919 634 959 698 ab
984 655 1021 698 eo
1045 635 1117 698 loeo

109 721 304 806 infoderrmt,
329 743 392 805 quo
416 726 487 787 crat
509 725 665 786 mortuus.
689 721 763 786 inde
786 721 949 806 posterius
973 723 1022 786 dei
1043 721 1117 786 Del-

108 809 197 894 phici
220 830 376 893 responso
401 813 512 874 erutus
536 813 633 892 atque
657 810 769 874 eodem
799 811 870 876 loco
896 810 1042 894 sepultus
1065 815 1117 894 est,

108 897 165 961 ubi
188 897 291 962 vitam
313 901 475 980 posuerat.

497 1199 539 1270 V.
569 1197 728 1270 CIMON.

198 1333 321 1418 Oimon,
336 1333 494 1400 Miltiadis
508 1336 604 1419 filius,
614 1333 833 1420 Atheniensis,
848 1336 928 1401 duro
942 1337 1115 1403 admodum
1136 1336 1152 1400 l

108 1423 203 1487 initio
234 1423 312 1487 usus
342 1427 394 1488 est
423 1423 668 1488 adulescentiae.
712 1445 788 1488 nam
817 1445 890 1488 oum
921 1428 1014 1508 pater
1046 1427 1114 1490 eius

108 1511 200 1576 litem
233 1511 440 1576 aestimatam
471 1512 592 1596 populo
625 1511 749 1576 solvere
781 1533 847 1576 non
878 1513 1041 1596 potuisset
1073 1514 1113 1578 ob

110 1620 244 1682 eamque
263 1621 394 1664 causam
416 1599 451 1663 in
473 1600 588 1664 vinclis
611 1599 750 1684 publicis
774 1600 975 1686 decessisset,
999 1599 1114 1668 Cimon

109 1687 220 1750 eadem
239 1688 387 1752 custodia
409 1688 582 1752 tenebatur
599 1709 703 1771 neque
722 1688 850 1772 legibus
864 1687 1114 1755 Atheniensium

109 1775 215 1838 emitti
234 1779 373 1858 poterat,
390 1775 454 1839 nisi
472 1777 651 1860 pecuniam,
671 1797 734 1858 qua
752 1780 845 1859 pater
859 1777 1017 1842 multatus
1035 1782 1113 1862 erat,

110 1861 270 1926 solvisset.
306 1862 449 1926 habebat
471 1867 579 1927 autem
602 1864 635 1926 in
654 1863 862 1928 matrimonio
883 1885 1028 1930 sororem
1045 1879 1149 1952 ger-r

109 1970 239 2015 menam
267 1969 373 2032 suam,
401 1950 531 2013 nomine
559 1949 743 2034 Elpinicen,
774 1971 839 2015 non
872 1953 975 2037 magia
1005 1974 1114 2018 amore

109 2059 207 2122 quam
226 2057 316 2100 more
330 2035 459 2100 ductus:
481 2057 621 2119 namque
636 2035 890 2101 Atheniensibus
910 2039 988 2102 lieet
1002 2040 1113 2104 eodem

93 2129 201 2210 ‘patre
233 2127 327 2188 natas
360 2144 476 2188 uxores
509 2125 632 2188 ducere.
677 2123 774 2188 huius
805 2125 947 2211 coniugii
979 2125 1147 2210 cupidusa

109 2213 229 2279 Gallias
254 2211 394 2296 quidam,
416 2233 482 2277 non
505 2215 573 2276 tam
596 2232 771 2297 generosus
796 2233 892 2296 quam
910 2213 1113 2299 pecuniosus,

109 2303 164 2385 qui
192 2320 327 2386 magnas
354 2300 507 2384 pecunias
535 2321 573 2363 ex
601 2299 742 2364 metallis
775 2300 909 2385 fecerat,
942 2302 1010 2388 egit
1040 2325 1113 2368 cum

109 2389 243 2455 Cimone
267 2392 304 2453 ut
327 2409 399 2454 eam
422 2388 485 2452 sibi
508 2409 641 2453 uxorem
665 2388 769 2452 daret:
792 2389 825 2454 id
850 2389 877 2453 si
896 2389 1113 2476 impetrasset,

109 2499 142 2542 se
165 2498 224 2562 pro
249 2476 306 2541 illo
329 2477 498 2560 pecuniam
527 2477 719 2542 soluturum.
764 2477 793 2542 is
817 2498 890 2542 oum
918 2478 1017 2543 telem
1041 2495 1148 2544 con-4

110 2566 268 2630 dicionem
292 2568 531 2647 aspernaretur,
560 2563 708 2648 Elpinice
731 2565 863 2650 negavit
886 2587 920 2630 se
943 2587 1112 2650 passuram

108 2652 268 2718 Miltiadis
291 2652 479 2735 progeniem
502 2651 536 2715 in
558 2651 672 2716 vinclis
695 2651 834 2734 publicis
862 2652 1007 2738 interire,
1036 2677 1113 2739 quo-

107 2741 196 2806 niam
219 2737 391 2823 prohibere
413 2741 533 2823 posset,
556 2759 653 2821 seque
673 2736 794 2803 Galliae
816 2743 1000 2824 nupturam,
1024 2743 1051 2805 si
1075 2765 1113 2806 ea

110 2849 191 2912 quae
212 2825 422 2912 polliceretur
444 2826 672 2910 praestitisset.

196 2915 266 2981 Tali
290 2914 386 2980 modo
410 2913 557 2980 custodia
579 2913 736 2979 liberatus
760 2913 878 2980 Oimon
901 2915 1049 2980 celeriter
1072 2917 1151 2982 ad2

108 3005 326 3089 principatum
343 3003 499 3086 pervenit.
535 3001 677 3067 habebat
696 3003 782 3067 enim
800 3003 881 3068 satis
900 3002 1112 3090 eloquentiae,

110 3113 268 3157 summam
287 3091 528 3174 liberalitatem,
546 3111 696 3177 magnam
714 3091 920 3176 prudentiam
940 3112 1013 3156 oum
1031 3091 1110 3158 iuris

109 3179 213 3246 civilis
236 3183 306 3244 tum
330 3179 377 3244 rei
400 3177 568 3262 militaris,
592 3179 677 3262 quod
700 3200 773 3244 oum
796 3182 889 3264 patre
913 3201 932 3243 a
953 3200 1053 3262 puero
1077 3181 1112 3245 in

11 3273 13 3284 '
109 3267 303 3332 exercitibus
335 3265 442 3332 fuerat
468 3270 624 3332 versatus
669 3267 780 3350 itaque
809 3266 863 3333 hic
892 3271 925 3331 et
954 3268 1110 3351 populum

108 3356 267 3420 urbanum
295 3355 329 3418 in
357 3375 415 3420 sua
442 3355 548 3420 tenuit
574 3358 738 3438 potestate
765 3358 799 3419 et
826 3355 911 3440 apud
934 3355 1110 3419 exereitum

107 3443 283 3530 plurimum
307 3441 409 3507 valuit
432 3442 634 3507 auctoritate.
670 3443 812 3526 primum
830 3444 1008 3527 imperator
1027 3442 1145 3525 apuda

11 3567 14 3587 ι
108 3533 226 3596 fiumen
256 3529 431 3614 Strymona
460 3551 593 3615 magnas
626 3531 734 3614 copias
762 3529 944 3596 Thraecum
976 3527 1111 3612 fugarit,

918 3630 952 3685 2*
