2596 3910
131 258 175 322 54
441 258 713 315 mauritanus
733 267 829 316 8-10.

131 403 278 469 locorum
306 403 468 490 angustiis
496 405 681 489 clausisset,
714 407 800 489 quod
831 406 937 491 perito
970 407 1142 491 regionum

96 491 310 577 scallideque
339 493 499 578 cogitanti
529 514 625 577 saepe
655 495 837 580 accidebat,
865 493 1143 579 Autophrodates,

132 599 206 644 cum
232 581 355 645 bellum
383 581 456 646 duci
483 581 605 645 maiore
633 582 723 667 regis
747 583 935 648 calamitate
962 603 1061 666 quam
1088 584 1143 648 ad-

132 669 350 739 versariorum
382 669 523 753 videret,
554 691 667 754 pacem
699 671 943 754 amicitiamque
971 672 1142 752 pristinam

131 777 307 822 memorares
329 778 397 821 eum
419 758 571 822 hortatus
595 761 661 842 est,
684 763 723 823 ut
745 781 820 824 cum
842 781 919 845 rege
940 759 976 823 in
998 759 1142 844 gratiam

96 857 112 905 6
131 845 259 910 rediret.
296 866 394 928 quam
412 845 468 909 ille
487 846 550 910 etsi
568 845 668 910 fidam
684 868 752 912 non
769 846 839 912 fore
857 847 1005 932 putabat,
1029 851 1142 913 tamen

131 931 353 997 condicionem
373 933 499 1016 accepit
516 955 615 1017 seque
636 934 677 998 ad
690 933 906 999 Artaxerxem
923 935 1051 1020 legatos
1065 936 1142 1000 mis-

131 1041 243 1083 surum
261 1019 352 1084 dixit.
389 1021 436 1086 sic
458 1021 591 1106 bellum,
614 1021 700 1106 quod
723 1044 779 1087 rex
802 1022 955 1088 adversus
977 1021 1142 1089 Datamen

131 1112 326 1193 susceperat,
349 1109 498 1175 sedatum
521 1114 580 1175 est.
616 1109 881 1194 Autophrodates
904 1111 939 1175 in
961 1109 1141 1196 Phrygiam

131 1217 166 1260 ss
188 1217 259 1261 rece
283 1197 319 1262 it.
844 1229 851 1241 ¹

96 1282 116 1346 9
220 1220 346 1371 Atprex,
365 1287 451 1372 quod
465 1287 672 1372 implacabile
687 1287 797 1352 odium
810 1287 845 1352 in
858 1286 1022 1352 Datamen
1036 1309 1140 1353 susce·

64 1402 69 1412 ¹
131 1378 234 1458 perat,
252 1379 428 1459 postquam
445 1376 532 1440 bello
552 1397 627 1441 eum
644 1375 785 1460 opprimi
802 1397 870 1440 non
887 1396 984 1459 posse
999 1375 1141 1441 animad-

131 1463 240 1547 vertit,
263 1463 391 1529 insidiis
414 1464 596 1530 interficere
619 1463 761 1528 studuit:
784 1485 866 1546 quas
888 1463 945 1528 ille
967 1463 1140 1548 plerasque

95 1551 277 1615 sevitavit.
314 1552 408 1636 sicut,
431 1552 553 1617 cumei
575 1551 763 1616 nuntiatum
786 1555 873 1616 esset
896 1551 1054 1636 quosdam
1077 1553 1141 1617 sibi

130 1637 292 1721 insidiari,
321 1639 377 1722 qui
403 1640 438 1704 in
461 1639 639 1704 amicorum
661 1644 755 1704 erant
777 1661 912 1706 numero
937 1637 989 1726 (de
1013 1640 1141 1725 quibus,

131 1725 218 1808 quod
258 1726 382 1790 inimici
418 1725 619 1809 detulerant,
661 1749 766 1811 neque
807 1728 1000 1793 credendum
1035 1750 1140 1812 neque

130 1813 366 1900 neglegendum
384 1812 537 1900 putarit),
560 1814 699 1898 experiri
717 1816 831 1900 voluit,
849 1838 962 1882 verum
979 1816 1140 1882 falsumne

94 1901 196 1966 ssibi
223 1905 310 1966 esset
337 1901 486 1967 relatum.
531 1903 643 1988 itaque
666 1925 704 1969 eo
727 1904 893 1989 profectus
921 1909 985 1988 est,
1013 1905 1048 1969 in
1075 1927 1139 1988 quo

130 1989 247 2056 itinere
273 1988 401 2056 futuras
428 1991 563 2061 insidias
591 1991 748 2058 dixerant.
793 1993 850 2058 sed
876 1993 977 2078 elegit
1005 2015 1140 2078 corpore

131 2100 169 2144 ac
192 2081 320 2144 statura
342 2079 545 2145 simillimum
568 2080 619 2146 sui
641 2081 735 2166 eique
757 2081 914 2148 vestitum
936 2103 1031 2146 suum
1051 2081 1141 2146 dedit

131 2169 230 2250 atque
258 2188 296 2230 eo
323 2167 396 2233 loeo
424 2168 486 2252 ire,
518 2190 582 2252 quo
609 2169 680 2253 ipse
708 2173 892 2252 consuerat,
923 2169 1033 2253 iussit;
1070 2170 1139 2253 ipse

132 2259 243 2321 autem
265 2259 382 2320 ornatu
405 2257 591 2341 vestituque
613 2257 750 2322 militari
768 2258 855 2322 inter
873 2257 1018 2339 corporis
1034 2261 1141 2322 custo·

95 2343 189 2409 sdes
212 2345 275 2408 iter
301 2342 407 2409 facere
430 2345 547 2428 coepit.
592 2348 629 2408 at
655 2344 875 2426 insidiatores,
901 2346 1078 2427 postquam
1105 2345 1141 2409 in

132 2453 206 2498 eum
228 2452 317 2514 quem
347 2432 523 2497 insederant
547 2431 656 2497 locum
679 2452 797 2517 agmen
819 2431 980 2516 pervenit,
1012 2432 1141 2518 decepti

132 2520 243 2585 ordine
262 2523 361 2604 atque
379 2519 501 2584 vestitu
521 2519 681 2604 impetum
699 2520 734 2584 in
747 2541 821 2585 eum
834 2518 969 2604 faciunt,
992 2521 1049 2604 qui
1067 2543 1140 2606 sup·

130 2609 258 2693 positus
286 2612 365 2673 erat.
410 2607 616 2692 praedixerat
648 2612 758 2674 autem
789 2607 830 2672 iis
862 2606 1034 2694 Datames,
1067 2632 1140 2675 cum

132 2697 250 2782 quibus
277 2697 341 2761 iter
368 2695 522 2781 iaciebat,
553 2700 591 2762 ut
621 2697 730 2781 parati
761 2701 871 2762 essent
901 2695 1022 2781 facere,
1054 2699 1140 2782 quod

96 2800 113 2849 5
131 2786 240 2870 ipsum
254 2785 419 2851 vidissent.
455 2785 534 2870 ipse,
551 2789 590 2850 ut
603 2789 831 2852 concurrentes
849 2785 1056 2851 insidiatores
1075 2787 1141 2850 ani-

132 2897 223 2940 mum
250 2873 403 2958 advertit,
431 2873 497 2938 tela
524 2874 559 2938 in
585 2895 641 2940 eos
669 2874 815 2939 coniecit.
861 2874 924 2940 hoo
953 2873 1039 2938 idem
1066 2895 1140 2938 cum

132 2963 275 3028 rmiversi
288 2961 451 3046 fecissent,
468 2961 658 3046 priusquam
672 2963 878 3047 pervenirent
892 2962 933 3026 ad
951 2983 1024 3026 eum
1043 2983 1139 3044 quem

131 3051 267 3136 aggredi
290 3051 452 3134 volebant,
475 3049 594 3116 confixi
617 3050 835 3116 conciderunt.

80 3137 123 3207 10
219 3137 284 3203 Hic
317 3143 427 3204 tamen
459 3142 528 3204 tam
560 3138 696 3204 callidus
729 3139 779 3203 vir
812 3143 957 3203 extremo
994 3142 1141 3223 tempore

132 3229 247 3311 eaptus
270 3229 321 3290 est
344 3225 557 3311 Mithridatis,
579 3227 810 3292 Ariobarzanis
833 3227 903 3309 filii,
926 3225 1010 3290 dolo.
1052 3249 1141 3292 nam·

132 3335 194 3399 que
220 3315 249 3380 is
280 3314 449 3398 pollicitus
478 3320 528 3380 est
555 3315 625 3401 regi
652 3337 686 3380 se
714 3336 788 3380 eum
819 3313 1081 3398 interfecturum,
1112 3315 1141 3380 si

131 3425 190 3468 rex
210 3402 424 3488 permitteret,
448 3407 486 3467 ut
509 3404 732 3487 quodcumque
753 3403 852 3468 vellet
874 3402 987 3467 liceret
1010 3404 1141 3488 impune

131 3491 252 3578 iacere,
278 3491 438 3576 fidemque
466 3491 505 3556 de
528 3514 567 3556 ea
589 3514 623 3557 re
647 3512 736 3556 more
759 3489 931 3556 Persarum
954 3491 1069 3555 dextra
1090 3491 1140 3555 de·

94 3580 243 3646 sdisset.
286 3580 371 3646 hanc
393 3583 431 3646 ut
455 3580 579 3666 accepit
602 3602 621 3645 a
643 3599 719 3664 rege
742 3578 890 3662 missam,
913 3579 1023 3662 copias
1045 3581 1142 3664 parat
1277 3621 1278 3660 3
