2598 3906
489 177 561 232 XIV.
581 177 764 232 DATAMES.
792 186 817 234 4.
837 183 861 234 5.
1138 181 1179 244 51

170 321 303 385 transiit
331 343 433 405 eoque
462 343 526 406 quo
557 321 726 386 studuerat
757 284 867 386 venit
902 323 1029 405 quaerit
1062 325 1180 407 quibus

171 409 251 474 locis
285 410 328 473 rit
360 408 476 493 Aspis:
515 409 683 494 cognoscit
714 409 800 474 haud
832 410 930 494 longe
963 411 1077 476 abesse
1108 434 1181 496 pro-

170 496 355 582 fectumque
379 501 451 562 tum
474 501 636 562 venatum.
683 520 779 582 quem
803 497 878 562 dum
904 500 1105 585 speculatur,
1129 500 1180 564 ad-

170 590 285 650 ventus
310 586 379 650 eius
403 607 500 650 causa
524 586 739 670 cognoscitur.
776 584 903 650 Pisidas
928 609 1001 652 cum
1024 588 1075 672 iis,
1098 609 1180 672 quos

171 695 290 738 secum·
307 674 464 759 habebat,
495 674 534 738 ad
562 674 778 739 resistendum
801 672 901 758 Aspis
926 680 1102 759 comparat.
1147 675 1215 752 ida

170 761 327 826 Datames
351 762 408 826 ubi
432 762 569 847 audivit,
601 784 691 827 arma
720 762 833 846 sumit,
862 784 937 828 suos
962 764 1053 847 sequi
1076 765 1181 849 iubct3

170 851 241 933 ipsc
266 872 349 934 equo
374 851 536 915 concitato
562 851 601 915 ad
624 851 754 915 hostem
772 850 911 915 vehitur.
949 873 1045 934 quem
1067 853 1180 936 procul

171 937 271 1021 Aspis
296 938 560 1022 conspiciensad
584 960 617 1003 se
641 938 799 1003 ferentem
822 939 1025 1022 pertimescit
1045 944 1142 1024 atque
1162 963 1181 1004 a

173 1030 291 1090 conatu
306 1027 476 1091 resistendi
492 1027 666 1091 deterritus
681 1049 751 1092 sese
766 1026 896 1090 dedidit.
923 1028 1009 1092 hune
1023 1027 1179 1094 Datames

172 1114 317 1178 vinetum
341 1115 379 1178 ad
404 1135 513 1200 regem
537 1115 716 1178 ducendum
739 1115 840 1178 tradit
863 1115 1056 1180 Mithridati.

261 1201 351 1266 Haec
378 1203 455 1266 dum
483 1207 653 1287 geruntur,
685 1201 882 1266 Artaxerxes
910 1203 1133 1288 reminiscens,
1161 1217 1219 1282 a5

174 1294 295 1374 quanto
319 1289 405 1354 bello
430 1291 469 1354 ad
494 1311 591 1373 quam
613 1311 746 1372 parvam
770 1311 838 1352 rem
861 1290 1040 1374 principem
1063 1291 1180 1356 ducum

172 1378 325 1463 misisset,
342 1396 383 1442 *se
405 1378 476 1462 ipse
499 1377 706 1462 reprehendit
725 1381 758 1441 et
775 1377 926 1441 nuntium
945 1378 985 1442 ad
1005 1379 1181 1444 exercitum

172 1465 262 1532 Acen
286 1467 390 1551 misit,
419 1467 504 1550 quod
531 1467 676 1530 nondum
699 1464 861 1530 Datamen
883 1465 1066 1550 profectum
1089 1472 1181 1550 puta·

171 1555 239 1639 bat,
263 1556 317 1638 qui
342 1555 472 1639 diceret,
495 1576 535 1620 ne
559 1556 599 1619 ab
624 1554 767 1619 exercitu
786 1553 972 1618 discederet.
1007 1555 1060 1620 hic
1078 1555 1180 1639 prius-

174 1665 271 1727 quam
294 1644 489 1728 perveuiret,
519 1665 582 1726 quo
606 1647 677 1706 erat
699 1642 878 1726 profectus,
906 1643 940 1706 in
967 1643 1083 1708 itinere
1107 1665 1181 1708 con-

173 1731 271 1814 venit,
286 1731 341 1814 qui
356 1729 472 1814 Aspim
487 1731 656 1796 ducebant.
681 1752 744 1814 qua
759 1731 925 1796 celeritate
940 1753 1013 1796 eum
1027 1753 1180 1817 magnam
1199 1762 1214 1810 ‘2

173 1818 426 1882 benivolentiam
458 1819 545 1902 regis
572 1817 728 1882 Datames
760 1823 951 1884 consecutus
985 1823 1083 1904 esset,
1114 1843 1181 1885 non

174 1906 332 1971 minorem
351 1905 507 1969 invidiam
526 1905 705 1970 aulicorum
720 1907 854 1990 excepit,
874 1906 959 1989 quod
973 1907 1067 1970 illum
1080 1929 1181 1979 unum

173 1995 277 2079 pluris
298 2015 395 2076 quam
415 2014 449 2056 se
468 2015 580 2057 omnes
601 1993 671 2056 fieri
690 1993 851 2056 videbant.
887 2014 950 2075 quo
969 1993 1057 2057 facto
1073 1996 1181 2058 cuncti

70 2102 74 2108 ’
174 2083 214 2148 ad
238 2103 311 2146 eum
336 2081 581 2165 opprimendum
605 2084 844 2145 eonsensenmt.
884 2080 964 2144 haec
987 2079 1214 2166 Pandantesg

174 2192 272 2257 gazae
305 2174 414 2236 custos
447 2169 569 2254 regiae,
602 2169 724 2233 anricus
757 2167 904 2252 Datami,
936 2169 1118 2252 perscripta
1151 2170 1180 2235 ei

173 2260 291 2343 mittit,
321 2259 355 2323 in
379 2258 496 2342 quibus
521 2257 616 2322 docet
639 2279 712 2322 eum
736 2258 769 2321 in
792 2277 911 2341 magno
935 2257 1003 2321 fore
1027 2257 1180 2342 periculo,

174 2349 201 2413 si
226 2347 302 2432 quid
325 2347 383 2412 illo
407 2347 588 2430 imperante
613 2345 737 2410 adversi
767 2345 801 2409 in
824 2344 976 2432 Aegypto
1001 2345 1179 2412 accidisset.

172 2458 311 2520 namque
336 2457 406 2500 eam
431 2456 500 2500 esse
520 2434 783 2500 consuetudinem
803 2434 935 2519 regiam,
958 2439 996 2498 ut
1015 2455 1107 2499 casus
1128 2435 1214 2511 ad-4

172 2545 284 2590 versos
315 2523 503 2588 hominibus
531 2523 691 2606 tribuant,
724 2523 891 2587 secundos
910 2521 1060 2586 fortunae
1089 2545 1179 2588 suae.

70 2655 75 2664 ·
175 2634 238 2696 quo
266 2611 336 2675 ficri
364 2614 402 2674 ut
428 2609 523 2674 facile
551 2610 760 2695 impellentur
789 2609 828 2672 ad
856 2629 971 2672 eorum
994 2611 1180 2694 perniciem,

175 2721 311 2784 quorum
335 2698 434 2763 ductu
456 2718 507 2761 res
531 2698 614 2760 male
638 2700 749 2781 gestae
772 2697 970 2760 nuntientur.
1006 2697 1098 2760 illum
1117 2699 1179 2762 hoc

109 2775 112 2786 ⁴
174 2788 296 2854 maiore
320 2785 389 2851 fore
412 2785 447 2849 in
470 2784 668 2868 discrimine,
693 2784 790 2868 quod,
819 2783 936 2866 quibus
960 2805 1016 2846 rex
1039 2785 1178 2853 maxime

174 2876 334 2960 oboediat,
353 2896 408 2940 eos
428 2873 548 2938 habeat
566 2872 816 2936 inimicissimos.
849 2871 969 2935 talibus
988 2871 1044 2935 ille
1058 2871 1177 2936 litteris
1197 2907 1212 2956 5

174 2965 328 3051 cognitiS,
352 2985 425 3029 cum
449 2963 514 3027 iarn
539 2961 579 3026 ad
603 2961 779 3025 exercitum
801 2959 891 3024 Acen
914 2959 1069 3043 venisset,
1093 2961 1178 3044 quod

173 3075 238 3118 non
260 3053 435 3139 ignorabat
458 3073 495 3116 ea
518 3071 592 3114 rere
616 3049 746 3132 scripta,
770 3047 945 3113 desciscere
970 3069 989 3111 a
1011 3068 1087 3133 rege
1106 3071 1178 3114 con-

175 3141 311 3205 stituit
338 3149 442 3224 neque
466 3143 576 3204 tamen
600 3137 772 3220 quicquam
796 3136 886 3220 fecit,
917 3136 1015 3220 quod·
1030 3137 1091 3202 fide
1120 3159 1179 3202 sua
1202 3139 1204 3145 ⁴

174 3232 261 3293 esset
279 3228 455 3314 indignum.
490 3249 565 3291 nam
584 3224 804 3310 Mandroclem
818 3223 1005 3310 Magnetem
1023 3225 1178 3289 exercitui
1197 3257 1213 3304 6

173 3315 342 3402 praefecit3
365 3318 435 3400 ipse
459 3337 531 3380 cum
555 3314 621 3378 suis
645 3313 679 3377 in
694 3312 930 3396 Cappadociam
950 3312 1086 3376 discedit
1107 3331 1179 3372 con-

173 3407 381 3488 iunctamque
404 3403 480 3468 huic
503 3401 759 3487 Paphlagoniam
787 3405 937 3484 occupat,
967 3399 1087 3475 celans,
1116 3413 1179 3473 qua

172 3494 341 3560 voluntate
361 3495 447 3556 essct
465 3491 635 3579 inrcgem.
674 3491 756 3554 clam
776 3511 848 3553 eum
863 3487 1081 3550 Ariobarzane
1100 3475 1179 3539 facit

987 3582 1022 3633 4*
