2596 3910
138 239 181 302 70
463 234 548 290 xvu.
566 233 771 291 cossurus.
800 241 825 292 s.

136 383 231 484 ignot
231 381 257 466 i,
216 379 406 446 tfaciem
433 379 502 446 eius
530 400 603 445 cum
634 379 850 463 intuerentur,
878 379 1147 464 contemnebant,

138 471 195 554 qui
217 473 327 535 autem
353 469 492 533 virtutes
520 471 691 552 noverant,
717 489 784 533 non
810 489 852 553 po
854 471 962 533 terant
989 431 1147 533 admirari

103 559 230 624 2satis.
262 556 393 640 quod
366 579 396 621 er
413 578 475 621 usu
493 555 590 640 venit,
613 577 688 620 eum
706 577 865 622 annorum
884 560 937 621 oct
926 557 1032 658 ‘ogint
1033 577 1053 620 a
1017 557 1146 620 tsub-

139 647 222 711 sidio
241 645 408 710 Tacho'm
425 643 613 730 Aegyptum
635 644 749 708 missus
767 649 854 710 esset
872 645 932 710 et
923 667 959 708 1n
976 647 1050 709 aeta
1070 666 1146 709 cum

139 735 207 800 suis
235 732 438 800 accubuisset
465 731 534 796 sine
561 731 628 796 ullo
656 735 745 796 tecto
776 737 980 816 stratumque
1008 731 1146 798 haberet

138 823 218 907 tale,
245 826 284 887 ut
310 825 398 885 terra
424 823 512 884 tecta
539 823 627 884 esset
654 821 843 885 stramentis
866 843 970 905 neque
993 821 1057 886 huc
1080 842 1145 885 am-

137 911 223 994 plius
251 929 349 991 quam
375 907 471 991 pellis
499 911 587 972 esset
614 907 746 992 iniecta,
774 909 887 973 eodem
916 930 980 992 quo
1008 909 1144 974 comites

138 1017 249 1062 omnes
272 995 395 1060 vestitu
416 994 534 1060 humili
557 999 655 1079 atque
679 996 837 1080 obsoleto,
860 1001 898 1061 ut
920 1019 1033 1062 eorum
1054 1019 1145 1062 orna-

137 1089 191 1149 tus
213 1104 280 1147 non
302 1082 398 1147 modo
421 1083 457 1146 in
475 1082 521 1147 eis
544 1103 655 1168 regem
672 1083 836 1148 neminem
855 1084 1065 1170 significaret,
1089 1085 1145 1150 sed

137 1171 286 1238 homines
309 1191 458 1237 essenon
484 1171 693 1236 beatissimos
724 1171 941 1256 suspicionem
964 1174 1145 1256 praeberet.

103 1261 234 1326 ahuius
262 1260 302 1326 de
330 1260 469 1325 adventu
495 1259 583 1324 fama
610 1259 747 1324 eumad
769 1260 877 1345 regios
901 1265 988 1326 esset
1009 1261 1146 1346 perlata,

139 1349 288 1416 celeriter
311 1371 445 1414 munera
467 1370 505 1414 eo
529 1348 683 1432 cuiusque
706 1347 834 1433 generis
854 1353 930 1414 sunt
949 1349 1058 1414 allata.
1093 1349 1145 1413 his

140 1438 370 1520 quaerentibus
385 1436 576 1522 Agesilaum
593 1437 647 1501 vix
664 1435 744 1501 fidos
767 1435 853 1501 facta
873 1441 932 1521 est,
955 1459 1057 1502 unum
1075 1459 1146 1503 esse

102 1540 178 1590 dex
209 1527 250 1590 iis
288 1526 344 1609 qui
373 1530 444 1590 tum
472 1524 680 1590 accubabant.
736 1525 792 1608 qui
820 1546 893 1590 cum
920 1525 1007 1610 regis
1036 1527 1145 1592 verbis

139 1635 221 1696 quae
250 1615 429 1678 attulerant
460 1612 636 1695 dedissent,
667 1611 723 1676 ille
755 1616 885 1696 praeter
912 1612 1085 1679 vitulinam
1113 1617 1147 1680 et

138 1701 207 1765 eius
231 1701 319 1764 modi
341 1721 461 1785 genere
484 1699 620 1783 obsonii,
644 1720 726 1784 quae
744 1721 897 1784 praesens
916 1705 1046 1786 tempus
1065 1703 1147 1767 desi-

139 1787 282 1871 derabat,
299 1787 383 1851 nihil
402 1787 540 1871 accepit:
563 1791 739 1888 unguenta,
758 1810 894 1854 coronas
909 1791 1147 1891 secundamque

103 1837 285 1940 emensani
312 1875 413 1941 servis
442 1875 619 1961 dispertiit,
652 1881 760 1942 cetera
785 1877 900 1943 referri
931 1878 1036 1943 iussit.
1082 1901 1146 1964 quo

138 1964 226 2030 facto
191 1968 324 2030 toeum
346 1943 478 2029 barbari
500 1964 605 2049 magis
629 1966 730 2030 ctiam
753 1969 1032 2067 contempserunt,
1060 1968 1146 2052 quod

140 2075 214 2118 eum
228 2053 415 2138 ignorantia
427 2053 588 2117 bonarum
602 2075 711 2118 rerum
725 2053 876 2119 viliat
817 2076 859 2139 po
861 2054 1026 2120 tissimum
1040 2078 1147 2140 sump·

140 2141 221 2206 sisse
245 2141 497 2220 arbitrabantur.

104 2244 120 2293 o
228 2229 291 2294 Hic
311 2250 383 2294 cum
402 2251 441 2293 cx
454 2228 587 2330 Aegypt
588 2251 607 2295 o
627 2233 851 2314 reverteretur,
873 2231 973 2296 donat
959 2235 1012 2294 tus
1031 2253 1051 2293 a
1070 2253 1147 2317 rege

139 2316 362 2383 Nectanabide
381 2316 508 2382 ducent
484 2320 528 2381 trs
547 2317 652 2402 vigint
653 2317 664 2380 i
637 2318 797 2382 tt'talen
773 2321 826 2402 trs,
850 2338 932 2400 quae
950 2317 1005 2381 ille
1020 2320 1148 2383 muneri

138 2406 260 2488 populo
284 2427 342 2470 suo
365 2404 457 2470 daret
443 2405 724 2489 t,'venissetque
715 2427 750 2470 in
767 2409 908 2489 portum,
931 2426 988 2488 qur
978 2403 1148 2471 Menelai

139 2493 319 2577 vocatur,'
310 2514 418 2558 recens
442 2493 528 2558 inter
551 2490 694 2577 Cyrenes
718 2497 751 2557 et
774 2492 906 2578 Aegypt
907 2515 976 2577 um,
1005 2492 1041 2558 in
1064 2515 1148 2559 mor-

104 2582 218 2646 abum
240 2581 419 2665 implicitus
443 2579 589 2646 decessit.
623 2580 670 2646 ibi
689 2602 763 2646 eum
787 2581 891 2666 chci,
915 2603 979 2666 quo
995 2579 1148 2666 Spartam

140 2667 267 2734 facilius
290 2669 432 2754 perferre
450 2667 592 2754 possent,
616 2669 702 2754 quod
716 2669 780 2736 mel
794 2691 861 2735 non
877 2670 1051 2757 habebant,
1075 2693 1147 2737 cera

141 2757 415 2824 circumfuderunt
438 2762 535 2842 atque
559 2759 606 2822 ita
630 2758 762 2824 domum
781 2759 987 2826 rettulerunt.

449 3059 579 3134 XVIII.
607 3059 847 3133 EUMENIIS.

105 3199 123 3262 1
228 3195 391 3264 Eumenes
420 3196 607 3264 Cardianus.
651 3198 749 3264 huius
778 3199 806 3264 si
834 3197 949 3263 virtuti
981 3219 1040 3281 par
1072 3199 1149 3264 date

141 3288 228 3351 esset
250 3285 396 3385 fortuna,
418 3306 485 3352 nou
507 3287 563 3388 ille
588 3286 717 3389 quidem
741 3287 844 3352 maior
867 3287 1039 3371 exstiteret,
1063 3287 1149 3371 quod

103 3373 1150 3548 2lltffiflllll?,llllutllllutlffltl’all

142 3555 234 3617 aetas
258 3552 326 3618 eius
349 3550 517 3616 incidisset
535 3553 570 3616 in
588 3573 626 3616 ea
644 3556 801 3633 tempora,
825 3550 943 3632 quibus
958 3549 1149 3616 Macedones
